2522 3802
527 117 744 182 „82-

132 257 173 324 ad
201 256 400 342 baptismum
421 255 646 322 instructionis
679 255 823 342 libellos3
854 276 992 341 qnorum
1019 256 1155 340 primns

130 346 284 429 continet,
303 344 454 430 ‘qualiter
467 367 502 412 ao
521 345 661 412 debeant
678 347 910 429 competentes,
927 345 983 428 qui
1002 343 1044 409 ed
1066 344 1151 430 bap-

125 434 214 498 tismi
237 433 377 519 gratiam
400 434 534 518 cupiunt
556 432 737 517 pervenire,
759 430 881 517 agere'3
911 431 1071 498 secundus
1095 432 1156 498 ‘de

127 521 320 606 gentilitatis
345 519 529 604 erroribus',
556 521 593 586 in
616 541 680 604 qno
708 519 831 586 indicet
853 540 912 587 suo
938 541 1042 604 paene
1064 524 1152 586 tem·

91 626 206 693 epora
232 608 410 676 Melodium
437 607 599 694 quendam
627 609 923 692 patremfamilias
955 608 997 674 ob
1029 608 1152 674 libera-

128 699 255 763 litatem
278 701 312 764 et
330 696 507 763 (tortarium
524 697 681 762 rusticum
704 695 746 764 ob
765 695 989 762 fortitudinem
1011 697 1053 761 ab
1077 695 1151 762 eth·

126 787 209 852 nicis
232 787 319 852 inter
345 786 422 852 deos
445 785 580 871 relatos3
608 783 724 850 tertius
751 785 833 850 liber
861 782 912 849 ‘de
942 783 1004 850 fide
1031 785 1151 850 unicae

127 872 329 956 maiestatis'‚
350 876 483 958 quartus
502 871 667 938 ‘adversus
686 870 995 959 genethliologiam',
1013 872 1152 956 quintus

128 961 179 1026 ‘de
203 959 372 1044 symbolo',
394 965 503 1026 sextus
522 959 573 1026 ‘de
596 959 675 1044 agni
692 960 855 1044 paschalis
877 959 1035 1044 victima’3
1058 959 1152 1026 dedit

75 1068 110 1118 10
129 1053 162 1113 et
184 1049 237 1114 ‘ad
265 1049 391 1134 lapsam
413 1046 586 1134 virginem'
608 1047 765 1132 libellum,
787 1049 938 1115 omnibus
960 1047 1151 1114 labentibus

129 1137 364 1202 emendationis
386 1136 594 1203 incentivum.
917 1157 925 1172 ·

507 1352 588 1445 Cap.
620 1351 777 1423 XXIII.

218 1489 387 1575 Olympius
418 1489 601 1574 epiecopus,
634 1489 768 1555 natione
799 1488 980 1573 Hispanus,
1015 1488 1152 1572 scripsit

127 1579 248 1646 librum
265 1577 340 1643 fidei
353 1577 507 1642 adversus
521 1598 586 1659 eos,
605 1577 661 1662 qni
673 1581 825 1642 naturam
843 1582 877 1642 et
889 1598 958 1642 non
976 1577 1150 1666 arbitr-inm

77 1684 110 1734 15
129 1668 164 1732 in
182 1668 311 1751 culpam
328 1671 455 1749 vocant,
473 1664 648 1732 ostendens
666 1687 732 1729 non
750 1665 923 1745 creatione,
942 1665 998 1732 sed
1015 1665 1152 1732 inoboe-

129 1755 252 1820 dientia
274 1753 433 1818 insertum
454 1755 591 1818 naturae
613 1753 744 1818 malum.

510 1965 592 2059 Oop.
625 1965 772 2041 XXIV.

217 2101 418 2188 Bachiarius,
441 2103 491 2168 vir
508 2103 704 2170 christianae
727 2104 963 2191 philosophiae,
985 2105 1092 2169 nudus
1116 2109 1151 2170 et

129 2191 295 2277 expeditus
314 2213 429 2257 vacare
448 2189 518 2257 Deo
542 2191 717 2278 disponens
739 2193 837 2259 etiam
854 2193 1150 2280 peregrinationem

76 2301 111 2351 20
129 2301 189 2365 pro
213 2279 434 2346 conservanda
455 2281 616 2365 propositi
638 2281 825 2367 integritate
849 2282 956 2366 elegit
998 2279 1150 2348 Edidisse

131 2369 248 2434 dicitur
270 2371 365 2483 grata
388 2368 557 2452 opuscula,
580 2368 637 2434 scd
659 2390 721 2455 ego
745 2370 784 2435 de
806 2370 871 2435 illis
894 2391 996 2434 unum
1018 2372 1149 2434 tentum

131 2456 182 2522 ‘de
211 2454 272 2520 fide
307 2455 426 2522 librum
450 2457 529 2542 legi,
551 2456 587 2520 in
609 2479 674 2542 quo
703 2459 865 2524 satisfacit
890 2457 1036 2542 pontifici
1058 2458 1150 2523 urbis

131 2546 283 2612 adversus
307 2545 457 2628 querulos
485 2547 518 2609 et
539 2543 750 2611 infamatores
772 2546 1044 2632 peregrinationis
1072 2568 1150 2610 suae

132 2638 165 2700 et
187 2633 361 2700 indicatae
379 2633 582 2698 nontimore
600 2633 777 2718 hominum,
801 2635 856 2700 sed
878 2633 943 2699 Dei
964 2633 1150 2720 peregrina-

77 2741 112 2790 ae
132 2723 254 2788 tionem
283 2721 474 2804 suscepisse,
502 2725 539 2785 nt
566 2721 677 2786 exiens
705 2721 744 2786 de
772 2726 860 2788 terra
888 2727 921 2787 et
953 2724 1149 2808 cognatione

132 2833 191 2876 sua
214 2809 346 2876 coheres
368 2809 462 2874 fieret
484 2807 638 2876 Abrahae
660 2811 873 2896 patriarchae.

203 3007 217 3056 1
233 3001 313 3058 Vatr
328 3001 490 3072 inquorum
504 3000 595 3074 primo
609 3000 748 3066 continetc
761 3001 876 3058 Barnh:
888 3001 919 3056 in
932 3000 1149 3124 quibnsssrimus

131 3072 257 3128 continet
355 3071 503 3128 IBamb.=
527 3072 597 3128 dicit
687 3073 799 3128 ovet:
822 3071 1011 3142 Meligidrnm3
1059 3073 1149 3128 emh:

130 3143 314 3199 Malchidinm
385 3143 464 3198 Vat=
478 3143 640 3198 libertatem
712 3143 821 3197 ovata
836 3141 981 3198 Garatinrn
1054 3143 1149 3198 Rvet

132 3217 162 3269 et
179 3216 290 3270 Bamb.:
307 3212 505 3286 genealogiam
578 3218 611 3268 18
629 3210 742 3267 Bamb.=
761 3211 805 3266 vir
822 3212 1020 3282 philosophiae
1038 3212 1151 3269 deditus

132 3291 167 3340 20
185 3285 284 3342 Bamb.
303 3288 333 3342 et
349 3283 488 3339 Norint:
527 3283 623 3351 repter
730 3287 765 3336 tt
783 3281 924 3337 Norint:
942 3281 1071 3338 libellum

132 3363 168 3412 24
186 3357 283 3413 Bamb.
302 3358 332 3412 et
348 3353 486 3412 Nor-inibo
506 3301 551 3408 hei
570 3369 655 3406 cansa
