<?xml version="1.0" encoding="UTF-8"?>
<!DOCTYPE html PUBLIC "-//W3C//DTD XHTML 1.0 Transitional//EN"
    "http://www.w3.org/TR/xhtml1/DTD/xhtml1-transitional.dtd">
<html xmlns="http://www.w3.org/1999/xhtml" xml:lang="en" lang="en">
 <head>
  <title>
</title>
<meta http-equiv="Content-Type" content="text/html;charset=utf-8" />
  <meta name='ocr-system' content='tesseract 3.04.00' />
  <meta name='ocr-capabilities' content='ocr_page ocr_carea ocr_par ocr_line ocrx_word'/>
</head>
<body>
  <div class='ocr_page' id='page_1' title='image "./heironymideviri01jerogoog_0057.png"; bbox 0 0 2512 3794; ppageno 0'>
   <div class='ocr_carea' id='block_1_1' title="bbox 527 91 721 158">
    <p class='ocr_par' dir='ltr' id='par_1_1' title="bbox 527 91 721 158">
     <span class='ocr_line' id='line_1_1' title="bbox 527 91 721 158; baseline -0.01 -20"><span class='ocrx_word' id='word_1_1' title='bbox 527 91 721 158; x_wconf 63' lang='lat' dir='ltr'>..g-</span> 
     </span>
    </p>
   </div>
   <div class='ocr_carea' id='block_1_2' title="bbox 66 229 1149 2800">
    <p class='ocr_par' dir='ltr' id='par_1_2' title="bbox 66 229 1149 2800">
     <span class='ocr_line' id='line_1_2' title="bbox 118 229 1145 317; baseline 0.002 -21"><span class='ocrx_word' id='word_1_2' title='bbox 118 229 441 316; x_wconf 82' lang='lat' dir='ltr'>Domini,1scobus,</span> <span class='ocrx_word' id='word_1_3' title='bbox 464 235 680 317; x_wconf 88' lang='lat' dir='ltr'>cognomento</span> <span class='ocrx_word' id='word_1_4' title='bbox 702 229 824 298; x_wconf 89' lang='lat' dir='ltr'>Iustus.</span> <span class='ocrx_word' id='word_1_5' title='bbox 855 229 953 298; x_wconf 80' lang='lat' dir='ltr'>Multi</span> <span class='ocrx_word' id='word_1_6' title='bbox 976 231 1145 317; x_wconf 85' lang='lat' dir='ltr'>siquidem</span> 
     </span>
     <span class='ocr_line' id='line_1_3' title="bbox 119 319 1149 405; baseline 0.002 -21"><span class='ocrx_word' id='word_1_7' title='bbox 119 319 230 386; x_wconf 82' lang='lat' dir='ltr'>lscobi</span> <span class='ocrx_word' id='word_1_8' title='bbox 257 320 472 403; x_wconf 81' lang='lat' dir='ltr'>vocabuntur,</span> <span class='ocrx_word' id='word_1_9' title='bbox 497 321 551 387; x_wconf 91' lang='lat' dir='ltr'>hic</span> <span class='ocrx_word' id='word_1_10' title='bbox 579 321 618 386; x_wconf 89' lang='lat' dir='ltr'>de</span> <span class='ocrx_word' id='word_1_11' title='bbox 646 323 740 388; x_wconf 87' lang='lat' dir='ltr'>utero</span> <span class='ocrx_word' id='word_1_12' title='bbox 767 321 881 386; x_wconf 88' lang='lat' dir='ltr'>matris</span> <span class='ocrx_word' id='word_1_13' title='bbox 910 325 1042 386; x_wconf 76' lang='lat' dir='ltr'>sanctus</span> <span class='ocrx_word' id='word_1_14' title='bbox 1065 321 1149 405; x_wconf 82' lang='lat' dir='ltr'>fuit,</span> 
     </span>
     <span class='ocr_line' id='line_1_4' title="bbox 119 408 1146 494; baseline 0 -20"><span class='ocrx_word' id='word_1_15' title='bbox 119 408 233 474; x_wconf 81' lang='lat' dir='ltr'>vinum</span> <span class='ocrx_word' id='word_1_16' title='bbox 260 412 294 474; x_wconf 92' lang='lat' dir='ltr'>et</span> <span class='ocrx_word' id='word_1_17' title='bbox 320 409 424 476; x_wconf 87' lang='lat' dir='ltr'>sicera</span> <span class='ocrx_word' id='word_1_18' title='bbox 451 431 519 478; x_wconf 92' lang='lat' dir='ltr'>non</span> <span class='ocrx_word' id='word_1_19' title='bbox 545 409 643 492; x_wconf 91' lang='lat' dir='ltr'>bibit,</span> <span class='ocrx_word' id='word_1_20' title='bbox 671 430 803 474; x_wconf 88' lang='lat' dir='ltr'>carnem</span> <span class='ocrx_word' id='word_1_21' title='bbox 829 409 956 476; x_wconf 87' lang='lat' dir='ltr'>nullam</span> <span class='ocrx_word' id='word_1_22' title='bbox 987 409 1146 494; x_wconf 88' lang='lat' dir='ltr'>comedit,</span> 
     </span>
     <span class='ocr_line' id='line_1_5' title="bbox 120 497 1143 584; baseline 0.002 -22"><span class='ocrx_word' id='word_1_23' title='bbox 120 519 290 582; x_wconf 75' lang='lat' dir='ltr'>nunquam</span> <span class='ocrx_word' id='word_1_24' title='bbox 319 497 476 566; x_wconf 76' lang='lat' dir='ltr'><strong>adtonsus</strong></span> <span class='ocrx_word' id='word_1_25' title='bbox 511 502 562 564; x_wconf 90' lang='lat' dir='ltr'>est</span> <span class='ocrx_word' id='word_1_26' title='bbox 589 518 649 562; x_wconf 91' lang='lat' dir='ltr'>nec</span> <span class='ocrx_word' id='word_1_27' title='bbox 680 501 798 564; x_wconf 89' lang='lat' dir='ltr'>unctus</span> <span class='ocrx_word' id='word_1_28' title='bbox 828 502 880 564; x_wconf 87' lang='lat' dir='ltr'>est</span> <span class='ocrx_word' id='word_1_29' title='bbox 907 501 1054 584; x_wconf 85' lang='lat' dir='ltr'>ungento</span> <span class='ocrx_word' id='word_1_30' title='bbox 1077 519 1143 564; x_wconf 89' lang='lat' dir='ltr'>nec</span> 
     </span>
     <span class='ocr_line' id='line_1_6' title="bbox 84 585 1147 672; baseline 0.001 -20"><span class='ocrx_word' id='word_1_31' title='bbox 84 603 200 652; x_wconf 77' lang='lat' dir='ltr'>tusus</span> <span class='ocrx_word' id='word_1_32' title='bbox 228 586 358 656; x_wconf 87' lang='lat' dir='ltr'>balneo.</span> <span class='ocrx_word' id='word_1_33' title='bbox 402 585 488 654; x_wconf 90' lang='lat' dir='ltr'>Huic</span> <span class='ocrx_word' id='word_1_34' title='bbox 515 585 577 650; x_wconf 92' lang='lat' dir='ltr'>soli</span> <span class='ocrx_word' id='word_1_35' title='bbox 608 585 735 650; x_wconf 90' lang='lat' dir='ltr'>licitum</span> <span class='ocrx_word' id='word_1_36' title='bbox 762 590 834 652; x_wconf 82' lang='lat' dir='ltr'>erut</span> <span class='ocrx_word' id='word_1_37' title='bbox 864 585 994 672; x_wconf 86' lang='lat' dir='ltr'>ingredi</span> <span class='ocrx_word' id='word_1_38' title='bbox 1026 589 1147 652; x_wconf 73' lang='lat' dir='ltr'>sancta</span> 
     </span>
     <span class='ocr_line' id='line_1_7' title="bbox 123 673 1144 761; baseline 0 -21"><span class='ocrx_word' id='word_1_39' title='bbox 123 678 324 760; x_wconf 83' lang='lat' dir='ltr'>sanctornm3</span> <span class='ocrx_word' id='word_1_40' title='bbox 349 675 506 761; x_wconf 83' lang='lat' dir='ltr'>siquidem</span> <span class='ocrx_word' id='word_1_41' title='bbox 524 673 669 740; x_wconf 81' lang='lat' dir='ltr'>vestibus</span> <span class='ocrx_word' id='word_1_42' title='bbox 687 674 790 740; x_wconf 87' lang='lat' dir='ltr'>laneis</span> <span class='ocrx_word' id='word_1_43' title='bbox 812 697 880 741; x_wconf 90' lang='lat' dir='ltr'>non</span> <span class='ocrx_word' id='word_1_44' title='bbox 898 675 1061 757; x_wconf 75' lang='lat' dir='ltr'>utebatur,</span> <span class='ocrx_word' id='word_1_45' title='bbox 1084 675 1144 740; x_wconf 85' lang='lat' dir='ltr'>sed</span> 
     </span>
     <span class='ocr_line' id='line_1_8' title="bbox 122 761 1147 849; baseline -0.003 -19"><span class='ocrx_word' id='word_1_46' title='bbox 122 763 234 848; x_wconf 87' lang='lat' dir='ltr'>lineis,</span> <span class='ocrx_word' id='word_1_47' title='bbox 273 767 422 849; x_wconf 85' lang='lat' dir='ltr'>solusque</span> <span class='ocrx_word' id='word_1_48' title='bbox 458 761 702 848; x_wconf 73' lang='lat' dir='ltr'>ingrediebatur</span> <span class='ocrx_word' id='word_1_49' title='bbox 736 764 771 828; x_wconf 89' lang='lat' dir='ltr'>in</span> <span class='ocrx_word' id='word_1_50' title='bbox 801 764 960 848; x_wconf 87' lang='lat' dir='ltr'>templum</span> <span class='ocrx_word' id='word_1_51' title='bbox 997 768 1031 827; x_wconf 92' lang='lat' dir='ltr'>et</span> <span class='ocrx_word' id='word_1_52' title='bbox 1066 763 1147 828; x_wconf 86' lang='lat' dir='ltr'>fixis</span> 
     </span>
     <span class='ocr_line' id='line_1_9' title="bbox 123 850 1145 938; baseline -0.001 -20"><span class='ocrx_word' id='word_1_53' title='bbox 123 854 261 938; x_wconf 79' lang='lat' dir='ltr'>genibus</span> <span class='ocrx_word' id='word_1_54' title='bbox 284 875 344 936; x_wconf 86' lang='lat' dir='ltr'>pro</span> <span class='ocrx_word' id='word_1_55' title='bbox 366 851 488 936; x_wconf 87' lang='lat' dir='ltr'>populo</span> <span class='ocrx_word' id='word_1_56' title='bbox 507 850 750 936; x_wconf 74' lang='lat' dir='ltr'><strong>deprecabatur,</strong></span> <span class='ocrx_word' id='word_1_57' title='bbox 771 851 807 918; x_wconf 90' lang='lat' dir='ltr'>in</span> <span class='ocrx_word' id='word_1_58' title='bbox 823 856 953 918; x_wconf 83' lang='lat' dir='ltr'>tantum</span> <span class='ocrx_word' id='word_1_59' title='bbox 976 855 1014 918; x_wconf 88' lang='lat' dir='ltr'>nt</span> <span class='ocrx_word' id='word_1_60' title='bbox 1036 873 1145 918; x_wconf 86' lang='lat' dir='ltr'>esme-</span> 
     </span>
     <span class='ocr_line' id='line_1_10' title="bbox 123 939 1147 1026; baseline 0.002 -22"><span class='ocrx_word' id='word_1_61' title='bbox 123 940 231 1006; x_wconf 90' lang='lat' dir='ltr'>lorum</span> <span class='ocrx_word' id='word_1_62' title='bbox 250 940 404 1004; x_wconf 83' lang='lat' dir='ltr'>duritiem</span> <span class='ocrx_word' id='word_1_63' title='bbox 421 939 562 1006; x_wconf 65' lang='lat' dir='ltr'>texisse</span> <span class='ocrx_word' id='word_1_64' title='bbox 581 940 650 1005; x_wconf 89' lang='lat' dir='ltr'>eius</span> <span class='ocrx_word' id='word_1_65' title='bbox 668 961 777 1026; x_wconf 84' lang='lat' dir='ltr'>genus</span> <span class='ocrx_word' id='word_1_66' title='bbox 794 940 1022 1010; x_wconf 71' lang='lat' dir='ltr'>crederentur?</span> <span class='ocrx_word' id='word_1_67' title='bbox 1050 939 1147 1007; x_wconf 89' lang='lat' dir='ltr'>Dicit</span> 
     </span>
     <span class='ocr_line' id='line_1_11' title="bbox 68 1027 1147 1116; baseline 0.002 -24"><span class='ocrx_word' id='word_1_68' title='bbox 68 1045 104 1096; x_wconf 87' lang='lat'>10</span> <span class='ocrx_word' id='word_1_69' title='bbox 124 1033 159 1094; x_wconf 89' lang='lat' dir='ltr'>et</span> <span class='ocrx_word' id='word_1_70' title='bbox 186 1027 251 1094; x_wconf 83' lang='lat' dir='ltr'>slis</span> <span class='ocrx_word' id='word_1_71' title='bbox 278 1027 384 1094; x_wconf 80' lang='lat' dir='ltr'>mults</span> <span class='ocrx_word' id='word_1_72' title='bbox 411 1048 495 1112; x_wconf 81' lang='lat' dir='ltr'>quse</span> <span class='ocrx_word' id='word_1_73' title='bbox 526 1049 713 1094; x_wconf 86' lang='lat' dir='ltr'>enumerare</span> <span class='ocrx_word' id='word_1_74' title='bbox 740 1029 878 1116; x_wconf 89' lang='lat' dir='ltr'>longum</span> <span class='ocrx_word' id='word_1_75' title='bbox 905 1034 965 1096; x_wconf 85' lang='lat' dir='ltr'>est</span> <span class='ocrx_word' id='word_1_76' title='bbox 1014 1027 1079 1096; x_wconf 84' lang='lat' dir='ltr'>Sed</span> <span class='ocrx_word' id='word_1_77' title='bbox 1107 1033 1147 1094; x_wconf 89' lang='lat' dir='ltr'>et</span> 
     </span>
     <span class='ocr_line' id='line_1_12' title="bbox 119 1115 1142 1202; baseline 0 -20"><span class='ocrx_word' id='word_1_78' title='bbox 119 1115 280 1200; x_wconf 77' lang='lat' dir='ltr'>Iosephus</span> <span class='ocrx_word' id='word_1_79' title='bbox 301 1116 335 1180; x_wconf 93' lang='lat' dir='ltr'>in</span> <span class='ocrx_word' id='word_1_80' title='bbox 359 1116 513 1183; x_wconf 80' lang='lat' dir='ltr'>vicesimo</span> <span class='ocrx_word' id='word_1_81' title='bbox 532 1117 615 1182; x_wconf 92' lang='lat' dir='ltr'>libro</span> <span class='ocrx_word' id='word_1_82' title='bbox 630 1116 877 1202; x_wconf 70' lang='lat' dir='ltr'><strong>Antiquitatum</strong></span> <span class='ocrx_word' id='word_1_83' title='bbox 895 1118 997 1184; x_wconf 88' lang='lat' dir='ltr'>refert</span> <span class='ocrx_word' id='word_1_84' title='bbox 1019 1122 1053 1186; x_wconf 88' lang='lat' dir='ltr'>et</span> <span class='ocrx_word' id='word_1_85' title='bbox 1067 1116 1142 1183; x_wconf 83' lang='lat' dir='ltr'>Ole-</span> 
     </span>
     <span class='ocr_line' id='line_1_13' title="bbox 118 1199 1144 1293; baseline 0.002 -23"><span class='ocrx_word' id='word_1_86' title='bbox 118 1225 210 1270; x_wconf 87' lang='lat' dir='ltr'>mens</span> <span class='ocrx_word' id='word_1_87' title='bbox 242 1204 278 1269; x_wconf 93' lang='lat' dir='ltr'>in</span> <span class='ocrx_word' id='word_1_88' title='bbox 309 1205 449 1290; x_wconf 85' lang='lat' dir='ltr'>septimo</span> <span class='ocrx_word' id='word_1_89' title='bbox 467 1199 745 1291; x_wconf 57' lang='lat' dir='ltr'>‘ltrorcudcsrom</span> <span class='ocrx_word' id='word_1_90' title='bbox 777 1209 906 1274; x_wconf 87' lang='lat' dir='ltr'>mortuo</span> <span class='ocrx_word' id='word_1_91' title='bbox 939 1207 1052 1293; x_wconf 81' lang='lat' dir='ltr'>Festo,</span> <span class='ocrx_word' id='word_1_92' title='bbox 1084 1207 1144 1292; x_wconf 88' lang='lat' dir='ltr'>qui</span> 
     </span>
     <span class='ocr_line' id='line_1_14' title="bbox 117 1292 1138 1379; baseline 0.002 -21"><span class='ocrx_word' id='word_1_93' title='bbox 117 1292 272 1360; x_wconf 78' lang='lat' dir='ltr'>Iudaeam</span> <span class='ocrx_word' id='word_1_94' title='bbox 294 1293 443 1379; x_wconf 71' lang='lat' dir='ltr'>regebat,</span> <span class='ocrx_word' id='word_1_95' title='bbox 465 1295 602 1360; x_wconf 89' lang='lat' dir='ltr'>missum</span> <span class='ocrx_word' id='word_1_96' title='bbox 625 1317 697 1362; x_wconf 87' lang='lat' dir='ltr'>esse</span> <span class='ocrx_word' id='word_1_97' title='bbox 720 1317 740 1360; x_wconf 89' lang='lat' dir='ltr'>a</span> <span class='ocrx_word' id='word_1_98' title='bbox 762 1295 893 1362; x_wconf 84' lang='lat' dir='ltr'>Nerone</span> <span class='ocrx_word' id='word_1_99' title='bbox 917 1317 1138 1362; x_wconf 88' lang='lat' dir='ltr'>successorem</span> 
     </span>
     <span class='ocr_line' id='line_1_15' title="bbox 119 1381 1139 1469; baseline 0.002 -21"><span class='ocrx_word' id='word_1_100' title='bbox 119 1383 190 1448; x_wconf 87' lang='lat' dir='ltr'>eius</span> <span class='ocrx_word' id='word_1_101' title='bbox 212 1381 379 1448; x_wconf 81' lang='lat' dir='ltr'>Albinum.</span> <span class='ocrx_word' id='word_1_102' title='bbox 425 1381 488 1461; x_wconf 79' lang='lat' dir='ltr'>Qui</span> <span class='ocrx_word' id='word_1_103' title='bbox 515 1406 589 1450; x_wconf 88' lang='lat' dir='ltr'>oum</span> <span class='ocrx_word' id='word_1_104' title='bbox 615 1383 753 1450; x_wconf 89' lang='lat' dir='ltr'>necdum</span> <span class='ocrx_word' id='word_1_105' title='bbox 776 1383 817 1450; x_wconf 84' lang='lat' dir='ltr'>ed</span> <span class='ocrx_word' id='word_1_106' title='bbox 840 1385 1042 1469; x_wconf 84' lang='lat' dir='ltr'>provinciam</span> <span class='ocrx_word' id='word_1_107' title='bbox 1064 1405 1139 1468; x_wconf 87' lang='lat' dir='ltr'>per-</span> 
     </span>
     <span class='ocr_line' id='line_1_16' title="bbox 66 1470 1140 1558; baseline 0.003 -23"><span class='ocrx_word' id='word_1_108' title='bbox 66 1486 101 1536; x_wconf 77' lang='lat'>15</span> <span class='ocrx_word' id='word_1_109' title='bbox 120 1472 276 1555; x_wconf 84' lang='lat' dir='ltr'>venisset,</span> <span class='ocrx_word' id='word_1_110' title='bbox 308 1470 444 1538; x_wconf 81' lang='lat' dir='ltr'>Annuus</span> <span class='ocrx_word' id='word_1_111' title='bbox 477 1472 639 1557; x_wconf 74' lang='lat' dir='ltr'>pontifex,</span> <span class='ocrx_word' id='word_1_112' title='bbox 676 1471 865 1538; x_wconf 74' lang='lat' dir='ltr'>adulescens</span> <span class='ocrx_word' id='word_1_113' title='bbox 896 1471 1008 1540; x_wconf 82' lang='lat' dir='ltr'>Ansni</span> <span class='ocrx_word' id='word_1_114' title='bbox 1039 1473 1140 1558; x_wconf 86' lang='lat' dir='ltr'>filius,</span> 
     </span>
     <span class='ocr_line' id='line_1_17' title="bbox 120 1555 1144 1648; baseline 0 -22"><span class='ocrx_word' id='word_1_115' title='bbox 120 1559 161 1626; x_wconf 89' lang='lat' dir='ltr'>de</span> <span class='ocrx_word' id='word_1_116' title='bbox 196 1581 314 1646; x_wconf 84' lang='lat' dir='ltr'>genere</span> <span class='ocrx_word' id='word_1_117' title='bbox 356 1560 549 1626; x_wconf 85' lang='lat' dir='ltr'>sacerdotali</span> <span class='ocrx_word' id='word_1_118' title='bbox 593 1565 726 1645; x_wconf 83' lang='lat' dir='ltr'>accepts</span> <span class='ocrx_word' id='word_1_119' title='bbox 766 1561 936 1628; x_wconf 81' lang='lat' dir='ltr'>occasione</span> <span class='ocrx_word' id='word_1_120' title='bbox 976 1555 1144 1648; x_wconf 70' lang='grc' dir='ltr'>ἀναρχίας</span> 
     </span>
     <span class='ocr_line' id='line_1_18' title="bbox 120 1649 1146 1736; baseline 0 -22"><span class='ocrx_word' id='word_1_121' title='bbox 120 1649 292 1715; x_wconf 91' lang='lat' dir='ltr'>concilium</span> <span class='ocrx_word' id='word_1_122' title='bbox 315 1670 376 1715; x_wconf 91' lang='lat' dir='ltr'>con</span> <span class='ocrx_word' id='word_1_123' title='bbox 436 1649 528 1735; x_wconf 81' lang='lat' dir='ltr'>gerit</span> <span class='ocrx_word' id='word_1_124' title='bbox 550 1652 584 1714; x_wconf 89' lang='lat' dir='ltr'>ct</span> <span class='ocrx_word' id='word_1_125' title='bbox 606 1650 803 1734; x_wconf 90' lang='lat' dir='ltr'>compellens</span> <span class='ocrx_word' id='word_1_126' title='bbox 825 1650 957 1734; x_wconf 88' lang='lat' dir='ltr'>publice</span> <span class='ocrx_word' id='word_1_127' title='bbox 975 1649 1146 1736; x_wconf 79' lang='lat' dir='ltr'>Iacobum,</span> 
     </span>
     <span class='ocr_line' id='line_1_19' title="bbox 121 1734 1144 1823; baseline 0.003 -22"><span class='ocrx_word' id='word_1_128' title='bbox 121 1741 160 1802; x_wconf 92' lang='lat' dir='ltr'>ut</span> <span class='ocrx_word' id='word_1_129' title='bbox 177 1734 358 1822; x_wconf 73' lang='lat' dir='ltr'>Christum,</span> <span class='ocrx_word' id='word_1_130' title='bbox 408 1737 438 1802; x_wconf 88' lang='lat' dir='ltr'>ei</span> <span class='ocrx_word' id='word_1_131' title='bbox 460 1737 573 1822; x_wconf 86' lang='lat' dir='ltr'>filium,</span> <span class='ocrx_word' id='word_1_132' title='bbox 591 1737 775 1823; x_wconf 82' lang='lat' dir='ltr'>denegaret,</span> <span class='ocrx_word' id='word_1_133' title='bbox 794 1739 1072 1806; x_wconf 70' lang='lat' dir='ltr'>contradicentem</span> <span class='ocrx_word' id='word_1_134' title='bbox 1094 1739 1144 1804; x_wconf 84' lang='lat' dir='ltr'>la·</span> 
     </span>
     <span class='ocr_line' id='line_1_20' title="bbox 124 1825 1144 1912; baseline 0.002 -22"><span class='ocrx_word' id='word_1_135' title='bbox 124 1825 229 1910; x_wconf 84' lang='lat' dir='ltr'>pidsri</span> <span class='ocrx_word' id='word_1_136' title='bbox 251 1825 355 1892; x_wconf 83' lang='lat' dir='ltr'>iussit</span> <span class='ocrx_word' id='word_1_137' title='bbox 402 1825 463 1903; x_wconf 83' lang='lat' dir='ltr'>Qui</span> <span class='ocrx_word' id='word_1_138' title='bbox 485 1825 719 1910; x_wconf 75' lang='lat' dir='ltr'>praecipitatus</span> <span class='ocrx_word' id='word_1_139' title='bbox 742 1827 782 1892; x_wconf 90' lang='lat' dir='ltr'>de</span> <span class='ocrx_word' id='word_1_140' title='bbox 804 1827 907 1912; x_wconf 85' lang='lat' dir='ltr'>pinne</span> <span class='ocrx_word' id='word_1_141' title='bbox 928 1828 1042 1912; x_wconf 88' lang='lat' dir='ltr'>templi</span> <span class='ocrx_word' id='word_1_142' title='bbox 1065 1849 1144 1892; x_wconf 92' lang='lat' dir='ltr'>con·</span> 
     </span>
     <span class='ocr_line' id='line_1_21' title="bbox 68 1913 1143 1982; baseline 0.002 -3"><span class='ocrx_word' id='word_1_143' title='bbox 68 1931 104 1981; x_wconf 79' lang='lat'>20</span> <span class='ocrx_word' id='word_1_144' title='bbox 123 1913 236 1979; x_wconf 83' lang='lat' dir='ltr'>fractis</span> <span class='ocrx_word' id='word_1_145' title='bbox 259 1915 406 1980; x_wconf 89' lang='lat' dir='ltr'>cruribus</span> <span class='ocrx_word' id='word_1_146' title='bbox 429 1937 503 1980; x_wconf 91' lang='lat' dir='ltr'>cum</span> <span class='ocrx_word' id='word_1_147' title='bbox 522 1913 628 1980; x_wconf 82' lang='lat' dir='ltr'>adhuc</span> <span class='ocrx_word' id='word_1_148' title='bbox 647 1916 846 1982; x_wconf 79' lang='lat' dir='ltr'>semianimis</span> <span class='ocrx_word' id='word_1_149' title='bbox 863 1917 984 1982; x_wconf 91' lang='lat' dir='ltr'>tollens</span> <span class='ocrx_word' id='word_1_150' title='bbox 1007 1915 1048 1982; x_wconf 90' lang='lat' dir='ltr'>sd</span> <span class='ocrx_word' id='word_1_151' title='bbox 1070 1937 1143 1981; x_wconf 86' lang='lat' dir='ltr'>cse-</span> 
     </span>
     <span class='ocr_line' id='line_1_22' title="bbox 124 2003 1143 2090; baseline 0.004 -24"><span class='ocrx_word' id='word_1_152' title='bbox 124 2003 194 2068; x_wconf 89' lang='lat' dir='ltr'>lum</span> <span class='ocrx_word' id='word_1_153' title='bbox 217 2023 332 2068; x_wconf 81' lang='lat' dir='ltr'>munus</span> <span class='ocrx_word' id='word_1_154' title='bbox 356 2003 488 2070; x_wconf 89' lang='lat' dir='ltr'>diceret:</span> <span class='ocrx_word' id='word_1_155' title='bbox 512 2003 673 2086; x_wconf 68' lang='lat' dir='ltr'>‘Domine</span> <span class='ocrx_word' id='word_1_156' title='bbox 695 2005 826 2090; x_wconf 80' lang='lat' dir='ltr'>ignosce</span> <span class='ocrx_word' id='word_1_157' title='bbox 854 2005 915 2089; x_wconf 91' lang='lat' dir='ltr'>eis,</span> <span class='ocrx_word' id='word_1_158' title='bbox 943 2004 1030 2090; x_wconf 91' lang='lat' dir='ltr'>quod</span> <span class='ocrx_word' id='word_1_159' title='bbox 1053 2005 1143 2070; x_wconf 90' lang='lat' dir='ltr'>enim</span> 
     </span>
     <span class='ocr_line' id='line_1_23' title="bbox 118 2091 1144 2178; baseline 0.002 -22"><span class='ocrx_word' id='word_1_160' title='bbox 118 2091 256 2171; x_wconf 85' lang='lat' dir='ltr'>faciunt,</span> <span class='ocrx_word' id='word_1_161' title='bbox 279 2091 452 2172; x_wconf 89' lang='lat' dir='ltr'>nesciunt&#39;,</span> <span class='ocrx_word' id='word_1_162' title='bbox 474 2092 610 2158; x_wconf 83' lang='lat' dir='ltr'>fullonis</span> <span class='ocrx_word' id='word_1_163' title='bbox 632 2091 733 2178; x_wconf 80' lang='lat' dir='ltr'>iuste,</span> <span class='ocrx_word' id='word_1_164' title='bbox 762 2115 826 2178; x_wconf 90' lang='lat' dir='ltr'>quo</span> <span class='ocrx_word' id='word_1_165' title='bbox 856 2093 921 2158; x_wconf 84' lang='lat' dir='ltr'>ude</span> <span class='ocrx_word' id='word_1_166' title='bbox 943 2094 1144 2159; x_wconf 77' lang='lat' dir='ltr'>vestimentu</span> 
     </span>
     <span class='ocr_line' id='line_1_24' title="bbox 118 2181 1144 2266; baseline 0.004 -22"><span class='ocrx_word' id='word_1_167' title='bbox 118 2181 303 2265; x_wconf 85' lang='lat' dir='ltr'>extorqueri</span> <span class='ocrx_word' id='word_1_168' title='bbox 327 2182 447 2266; x_wconf 87' lang='lat' dir='ltr'>solent,</span> <span class='ocrx_word' id='word_1_169' title='bbox 469 2182 505 2247; x_wconf 93' lang='lat' dir='ltr'>in</span> <span class='ocrx_word' id='word_1_170' title='bbox 524 2182 654 2248; x_wconf 83' lang='lat' dir='ltr'>cerebro</span> <span class='ocrx_word' id='word_1_171' title='bbox 672 2203 845 2266; x_wconf 88' lang='lat' dir='ltr'>percussus</span> <span class='ocrx_word' id='word_1_172' title='bbox 864 2181 998 2248; x_wconf 87' lang='lat' dir='ltr'>interiit.</span> <span class='ocrx_word' id='word_1_173' title='bbox 1027 2181 1144 2248; x_wconf 81' lang='lat' dir='ltr'>Tradit</span> 
     </span>
     <span class='ocr_line' id='line_1_25' title="bbox 120 2267 1142 2354; baseline 0.001 -20"><span class='ocrx_word' id='word_1_174' title='bbox 120 2269 206 2334; x_wconf 90' lang='lat' dir='ltr'>idem</span> <span class='ocrx_word' id='word_1_175' title='bbox 229 2267 388 2354; x_wconf 84' lang='lat' dir='ltr'>Iosephus</span> <span class='ocrx_word' id='word_1_176' title='bbox 417 2273 529 2337; x_wconf 84' lang='lat' dir='ltr'>tentae</span> <span class='ocrx_word' id='word_1_177' title='bbox 556 2293 630 2336; x_wconf 90' lang='lat' dir='ltr'>eum</span> <span class='ocrx_word' id='word_1_178' title='bbox 659 2271 843 2337; x_wconf 77' lang='lat' dir='ltr'>sanctitatis</span> <span class='ocrx_word' id='word_1_179' title='bbox 871 2269 972 2336; x_wconf 84' lang='lat' dir='ltr'>fuisse</span> <span class='ocrx_word' id='word_1_180' title='bbox 1002 2275 1036 2338; x_wconf 90' lang='lat' dir='ltr'>et</span> <span class='ocrx_word' id='word_1_181' title='bbox 1058 2270 1142 2336; x_wconf 88' lang='lat' dir='ltr'>cele·</span> 
     </span>
     <span class='ocr_line' id='line_1_26' title="bbox 66 2357 1143 2445; baseline 0.003 -24"><span class='ocrx_word' id='word_1_182' title='bbox 66 2372 102 2422; x_wconf 77' lang='lat' dir='ltr'>se</span> <span class='ocrx_word' id='word_1_183' title='bbox 122 2357 252 2423; x_wconf 83' lang='lat' dir='ltr'>britatis</span> <span class='ocrx_word' id='word_1_184' title='bbox 274 2359 310 2424; x_wconf 91' lang='lat' dir='ltr'>in</span> <span class='ocrx_word' id='word_1_185' title='bbox 331 2359 467 2445; x_wconf 88' lang='lat' dir='ltr'>populo,</span> <span class='ocrx_word' id='word_1_186' title='bbox 489 2363 527 2425; x_wconf 90' lang='lat' dir='ltr'>ut</span> <span class='ocrx_word' id='word_1_187' title='bbox 544 2363 677 2444; x_wconf 86' lang='lat' dir='ltr'>propter</span> <span class='ocrx_word' id='word_1_188' title='bbox 695 2360 764 2425; x_wconf 92' lang='lat' dir='ltr'>eius</span> <span class='ocrx_word' id='word_1_189' title='bbox 782 2381 896 2426; x_wconf 88' lang='lat' dir='ltr'>necem</span> <span class='ocrx_word' id='word_1_190' title='bbox 915 2359 1074 2426; x_wconf 89' lang='lat' dir='ltr'>creditum</span> <span class='ocrx_word' id='word_1_191' title='bbox 1095 2359 1143 2425; x_wconf 92' lang='lat' dir='ltr'>sit</span> 
     </span>
     <span class='ocr_line' id='line_1_27' title="bbox 121 2446 1139 2536; baseline 0.003 -25"><span class='ocrx_word' id='word_1_192' title='bbox 121 2447 311 2512; x_wconf 88' lang='lat' dir='ltr'>subversam</span> <span class='ocrx_word' id='word_1_193' title='bbox 334 2446 607 2532; x_wconf 84' lang='lat' dir='ltr'>Hierosolymam.</span> <span class='ocrx_word' id='word_1_194' title='bbox 640 2447 704 2513; x_wconf 90' lang='lat' dir='ltr'>Hic</span> <span class='ocrx_word' id='word_1_195' title='bbox 727 2452 778 2514; x_wconf 92' lang='lat' dir='ltr'>est</span> <span class='ocrx_word' id='word_1_196' title='bbox 800 2448 840 2514; x_wconf 91' lang='lat' dir='ltr'>de</span> <span class='ocrx_word' id='word_1_197' title='bbox 863 2469 928 2534; x_wconf 90' lang='lat' dir='ltr'>quo</span> <span class='ocrx_word' id='word_1_198' title='bbox 951 2452 985 2514; x_wconf 89' lang='lat' dir='ltr'>et</span> <span class='ocrx_word' id='word_1_199' title='bbox 1008 2452 1139 2536; x_wconf 83' lang='lat' dir='ltr'>sposto-</span> 
     </span>
     <span class='ocr_line' id='line_1_28' title="bbox 120 2535 1141 2622; baseline 0.002 -22"><span class='ocrx_word' id='word_1_200' title='bbox 120 2535 173 2600; x_wconf 89' lang='lat' dir='ltr'>lus</span> <span class='ocrx_word' id='word_1_201' title='bbox 196 2535 318 2602; x_wconf 79' lang='lat' dir='ltr'>Paulus</span> <span class='ocrx_word' id='word_1_202' title='bbox 347 2537 460 2602; x_wconf 88' lang='lat' dir='ltr'>scribit</span> <span class='ocrx_word' id='word_1_203' title='bbox 488 2536 529 2602; x_wconf 88' lang='lat' dir='ltr'>ad</span> <span class='ocrx_word' id='word_1_204' title='bbox 553 2535 703 2602; x_wconf 85' lang='lat' dir='ltr'>Geletse:</span> <span class='ocrx_word' id='word_1_205' title='bbox 731 2535 849 2604; x_wconf 76' lang='lat' dir='ltr'>‘alium</span> <span class='ocrx_word' id='word_1_206' title='bbox 877 2540 986 2604; x_wconf 88' lang='lat' dir='ltr'>autem</span> <span class='ocrx_word' id='word_1_207' title='bbox 1011 2539 1141 2622; x_wconf 84' lang='lat' dir='ltr'>aposto·</span> 
     </span>
     <span class='ocr_line' id='line_1_29' title="bbox 120 2623 1142 2712; baseline 0.001 -23"><span class='ocrx_word' id='word_1_208' title='bbox 120 2624 228 2691; x_wconf 90' lang='lat' dir='ltr'>lorum</span> <span class='ocrx_word' id='word_1_209' title='bbox 255 2624 323 2690; x_wconf 83' lang='lat' dir='ltr'>vidi</span> <span class='ocrx_word' id='word_1_210' title='bbox 350 2625 515 2690; x_wconf 88' lang='lat' dir='ltr'>neminem</span> <span class='ocrx_word' id='word_1_211' title='bbox 542 2625 607 2692; x_wconf 91' lang='lat' dir='ltr'>nisi</span> <span class='ocrx_word' id='word_1_212' title='bbox 633 2623 789 2690; x_wconf 83' lang='lat' dir='ltr'>iacobum</span> <span class='ocrx_word' id='word_1_213' title='bbox 817 2626 952 2692; x_wconf 80' lang='lat' dir='ltr'>fratrem</span> <span class='ocrx_word' id='word_1_214' title='bbox 979 2623 1142 2712; x_wconf 81' lang='lat' dir='ltr'>Domini’3</span> 
     </span>
     <span class='ocr_line' id='line_1_30' title="bbox 121 2713 1142 2800; baseline 0 -22"><span class='ocrx_word' id='word_1_215' title='bbox 121 2716 155 2778; x_wconf 89' lang='lat' dir='ltr'>et</span> <span class='ocrx_word' id='word_1_216' title='bbox 178 2713 401 2799; x_wconf 88' lang='lat' dir='ltr'>apostolorum</span> <span class='ocrx_word' id='word_1_217' title='bbox 425 2736 521 2800; x_wconf 86' lang='lat' dir='ltr'>super</span> <span class='ocrx_word' id='word_1_218' title='bbox 541 2713 604 2779; x_wconf 89' lang='lat' dir='ltr'>hoc</span> <span class='ocrx_word' id='word_1_219' title='bbox 629 2714 774 2780; x_wconf 87' lang='lat' dir='ltr'>crebrius</span> <span class='ocrx_word' id='word_1_220' title='bbox 803 2719 878 2781; x_wconf 83' lang='lat' dir='ltr'>sets</span> <span class='ocrx_word' id='word_1_221' title='bbox 900 2718 1078 2800; x_wconf 87' lang='lat' dir='ltr'>testentur,</span> <span class='ocrx_word' id='word_1_222' title='bbox 1107 2717 1142 2779; x_wconf 90' lang='lat' dir='ltr'>et</span> 
     </span>
    </p>
   </div>
   <div class='ocr_carea' id='block_1_3' title="bbox 65 2801 1140 2890">
    <p class='ocr_par' dir='ltr' id='par_1_3' title="bbox 65 2801 1140 2890">
     <span class='ocr_line' id='line_1_31' title="bbox 65 2801 1140 2890; baseline 0.003 -24"><span class='ocrx_word' id='word_1_223' title='bbox 65 2817 101 2867; x_wconf 82' lang='lat'>30</span> <span class='ocrx_word' id='word_1_224' title='bbox 121 2803 327 2888; x_wconf 84' lang='lat' dir='ltr'>evangelium</span> <span class='ocrx_word' id='word_1_225' title='bbox 342 2825 470 2890; x_wconf 90' lang='lat' dir='ltr'>quoque</span> <span class='ocrx_word' id='word_1_226' title='bbox 485 2801 571 2888; x_wconf 92' lang='lat' dir='ltr'>quod</span> <span class='ocrx_word' id='word_1_227' title='bbox 586 2803 771 2888; x_wconf 85' lang='lat' dir='ltr'>appellatur</span> <span class='ocrx_word' id='word_1_228' title='bbox 785 2803 962 2870; x_wconf 85' lang='lat' dir='ltr'>secundum</span> <span class='ocrx_word' id='word_1_229' title='bbox 971 2803 1140 2869; x_wconf 81' lang='lat' dir='ltr'>Hebraeos</span> 
     </span>
    </p>
   </div>
   <div class='ocr_carea' id='block_1_4' title="bbox 119 2991 1140 3422">
    <p class='ocr_par' dir='ltr' id='par_1_4' title="bbox 119 2991 1140 3208">
     <span class='ocr_line' id='line_1_32' title="bbox 190 2991 1139 3065; baseline 0.003 -16"><span class='ocrx_word' id='word_1_230' title='bbox 190 2999 206 3050; x_wconf 83' lang='grc'><strong>8</strong></span> <span class='ocrx_word' id='word_1_231' title='bbox 226 3019 260 3041; x_wconf 84' lang='lat'>=</span> <span class='ocrx_word' id='word_1_232' title='bbox 276 2991 307 3049; x_wconf 79' lang='grc' dir='ltr'>τὸ</span> <span class='ocrx_word' id='word_1_233' title='bbox 327 2995 425 3064; x_wconf 70' lang='grc' dir='ltr'><strong><em>σίκερα</em></strong></span> <span class='ocrx_word' id='word_1_234' title='bbox 444 2994 518 3065; x_wconf 74' lang='lat' dir='ltr'>(aliiz</span> <span class='ocrx_word' id='word_1_235' title='bbox 537 2995 664 3060; x_wconf 77' lang='lat' dir='ltr'>siceram)</span> <span class='ocrx_word' id='word_1_236' title='bbox 750 3003 767 3052; x_wconf 79' lang='lat'>4</span> <span class='ocrx_word' id='word_1_237' title='bbox 785 2996 815 3051; x_wconf 91' lang='lat' dir='ltr'>in</span> <span class='ocrx_word' id='word_1_238' title='bbox 833 2994 932 3052; x_wconf 87' lang='lat' dir='ltr'>Bamb.</span> <span class='ocrx_word' id='word_1_239' title='bbox 951 2999 980 3052; x_wconf 92' lang='lat' dir='ltr'>st</span> <span class='ocrx_word' id='word_1_240' title='bbox 998 2995 1139 3052; x_wconf 86' lang='lat' dir='ltr'>Norimb.:</span> 
     </span>
     <span class='ocr_line' id='line_1_33' title="bbox 119 3063 1140 3134; baseline 0.002 -14"><span class='ocrx_word' id='word_1_241' title='bbox 119 3070 159 3120; x_wconf 80' lang='lat' dir='ltr'>est</span> <span class='ocrx_word' id='word_1_242' title='bbox 177 3065 269 3134; x_wconf 82' lang='lat' dir='ltr'>deest;</span> <span class='ocrx_word' id='word_1_243' title='bbox 288 3063 351 3122; x_wconf 77' lang='lat' dir='ltr'>alii:</span> <span class='ocrx_word' id='word_1_244' title='bbox 369 3066 425 3122; x_wconf 83' lang='lat' dir='ltr'>fnit</span> <span class='ocrx_word' id='word_1_245' title='bbox 484 3065 627 3124; x_wconf 68' lang='lat' dir='ltr'>cnunc:</span> <span class='ocrx_word' id='word_1_246' title='bbox 645 3067 694 3124; x_wconf 89' lang='lat' dir='ltr'>hio</span> <span class='ocrx_word' id='word_1_247' title='bbox 707 3068 807 3126; x_wconf 87' lang='lat' dir='ltr'>solitus</span> <span class='ocrx_word' id='word_1_248' title='bbox 820 3071 882 3124; x_wconf 84' lang='lat' dir='ltr'>erat</span> <span class='ocrx_word' id='word_1_249' title='bbox 942 3066 1067 3124; x_wconf 72' lang='lat' dir='ltr'>levate</span> <span class='ocrx_word' id='word_1_250' title='bbox 1084 3067 1140 3122; x_wconf 85' lang='lat' dir='ltr'>hoc</span> 
     </span>
     <span class='ocr_line' id='line_1_34' title="bbox 120 3137 1140 3208; baseline 0.002 -16"><span class='ocrx_word' id='word_1_251' title='bbox 120 3137 197 3194; x_wconf 83' lang='lat' dir='ltr'>loco:</span> <span class='ocrx_word' id='word_1_252' title='bbox 216 3139 307 3206; x_wconf 75' lang='lat' dir='ltr'>esset3</span> <span class='ocrx_word' id='word_1_253' title='bbox 326 3137 402 3196; x_wconf 80' lang='lat' dir='ltr'>eliis:</span> <span class='ocrx_word' id='word_1_254' title='bbox 420 3137 536 3208; x_wconf 85' lang='lat' dir='ltr'>longum</span> <span class='ocrx_word' id='word_1_255' title='bbox 556 3140 599 3194; x_wconf 89' lang='lat' dir='ltr'>est</span> <span class='ocrx_word' id='word_1_256' title='bbox 664 3144 697 3194; x_wconf 78' lang='lat'>12</span> <span class='ocrx_word' id='word_1_257' title='bbox 707 3138 789 3195; x_wconf 69' lang='lat' dir='ltr'>Vnt:</span> <span class='ocrx_word' id='word_1_258' title='bbox 807 3141 919 3194; x_wconf 85' lang='lat' dir='ltr'>mortuo</span> <span class='ocrx_word' id='word_1_259' title='bbox 937 3137 1038 3206; x_wconf 89' lang='lat' dir='ltr'>inquid</span> <span class='ocrx_word' id='word_1_260' title='bbox 1055 3137 1140 3194; x_wconf 78' lang='lat' dir='ltr'>Festo</span> 
     </span>
    </p>

    <p class='ocr_par' dir='ltr' id='par_1_5' title="bbox 121 3207 1140 3422">
     <span class='ocr_line' id='line_1_35' title="bbox 174 3207 1139 3273; baseline -0.002 -7"><span class='ocrx_word' id='word_1_261' title='bbox 174 3215 206 3266; x_wconf 77' lang='lat'>15</span> <span class='ocrx_word' id='word_1_262' title='bbox 227 3207 325 3266; x_wconf 84' lang='lat' dir='ltr'>Bamb.</span> <span class='ocrx_word' id='word_1_263' title='bbox 340 3211 370 3264; x_wconf 89' lang='lat' dir='ltr'>ot</span> <span class='ocrx_word' id='word_1_264' title='bbox 382 3207 523 3264; x_wconf 70' lang='lat' dir='ltr'>Norint:</span> <span class='ocrx_word' id='word_1_265' title='bbox 544 3208 716 3264; x_wconf 81' lang='lat' dir='ltr'>Auienus-</span> <span class='ocrx_word' id='word_1_266' title='bbox 731 3209 849 3273; x_wconf 78' lang='lat' dir='ltr'>Anisni;</span> <span class='ocrx_word' id='word_1_267' title='bbox 867 3207 943 3263; x_wconf 81' lang='lat' dir='ltr'>Vct:</span> <span class='ocrx_word' id='word_1_268' title='bbox 965 3208 1091 3264; x_wconf 75' lang='lat' dir='ltr'>Ananias</span> <span class='ocrx_word' id='word_1_269' title='bbox 1105 3239 1139 3248; x_wconf 96' lang='lat'><em>-</em></span> 
     </span>
     <span class='ocr_line' id='line_1_36' title="bbox 121 3275 1140 3348; baseline -0.003 -12"><span class='ocrx_word' id='word_1_270' title='bbox 121 3281 217 3338; x_wconf 76' lang='lat' dir='ltr'>Anam</span> <span class='ocrx_word' id='word_1_271' title='bbox 292 3284 326 3338; x_wconf 74' lang='lat' dir='ltr'>tt</span> <span class='ocrx_word' id='word_1_272' title='bbox 345 3279 423 3336; x_wconf 74' lang='lat' dir='ltr'>vau:</span> <span class='ocrx_word' id='word_1_273' title='bbox 442 3279 470 3334; x_wconf 90' lang='lat' dir='ltr'>in</span> <span class='ocrx_word' id='word_1_274' title='bbox 490 3277 610 3348; x_wconf 85' lang='lat' dir='ltr'>populos</span> <span class='ocrx_word' id='word_1_275' title='bbox 692 3283 726 3332; x_wconf 76' lang='lat'>27</span> <span class='ocrx_word' id='word_1_276' title='bbox 745 3277 781 3333; x_wconf 80' lang='lat' dir='ltr'>cf.</span> <span class='ocrx_word' id='word_1_277' title='bbox 800 3275 863 3332; x_wconf 79' lang='lat' dir='ltr'>Gal.</span> <span class='ocrx_word' id='word_1_278' title='bbox 884 3285 907 3344; x_wconf 90' lang='lat'>1,</span> <span class='ocrx_word' id='word_1_279' title='bbox 928 3283 961 3331; x_wconf 80' lang='lat'>19</span> <span class='ocrx_word' id='word_1_280' title='bbox 1048 3283 1083 3333; x_wconf 72' lang='lat'>29</span> <span class='ocrx_word' id='word_1_281' title='bbox 1102 3279 1140 3334; x_wconf 88' lang='lat' dir='ltr'>of.</span> 
     </span>
     <span class='ocr_line' id='line_1_37' title="bbox 121 3353 532 3422; baseline -0.01 -15"><span class='ocrx_word' id='word_1_282' title='bbox 121 3353 185 3410; x_wconf 73' lang='lat' dir='ltr'>set..</span> <span class='ocrx_word' id='word_1_283' title='bbox 207 3361 231 3422; x_wconf 91' lang='lat'>1,</span> <span class='ocrx_word' id='word_1_284' title='bbox 251 3359 293 3410; x_wconf 82' lang='lat' dir='ltr'>se.</span> <span class='ocrx_word' id='word_1_285' title='bbox 312 3357 355 3422; x_wconf 85' lang='lat' dir='ltr'>ss,</span> <span class='ocrx_word' id='word_1_286' title='bbox 375 3357 416 3408; x_wconf 80' lang='lat' dir='ltr'>rr.</span> <span class='ocrx_word' id='word_1_287' title='bbox 436 3355 479 3419; x_wconf 84' lang='lat' dir='ltr'>ro,</span> <span class='ocrx_word' id='word_1_288' title='bbox 500 3356 532 3404; x_wconf 80' lang='lat' dir='ltr'>re</span> 
     </span>
    </p>
   </div>
   <div class='ocr_carea' id='block_1_5' title="bbox 0 0 1260 3794">
    <p class='ocr_par' dir='ltr' id='par_1_6' title="bbox 0 0 1260 3794">
     <span class='ocr_line' id='line_1_38' title="bbox 0 0 1260 3794; baseline 0 2"><span class='ocrx_word' id='word_1_289' title='bbox 0 0 1260 3794; x_wconf 95' lang='lat' dir='ltr'> </span> 
     </span>
    </p>
   </div>
  </div>
 </body>
</html>
