2522 3802
528 117 745 182 „58-

129 260 335 344 presbytero,
352 259 460 343 mnis
478 257 702 344 grammaticis
718 257 756 322 in
773 255 996 322 addeeomtis
1013 279 1156 342 operam

128 347 217 412 dedit
248 351 282 411 et
312 349 428 431 postea
459 347 495 411 in
524 351 654 412 sanetas
686 345 862 429 seriptum
894 345 1157 414 innumerabilia

130 437 276 502 scribens
309 435 475 500 volumina
513 436 574 500 sub
605 433 788 500 Theodosio
824 433 1021 516 imperatore
1058 435 1157 502 obiit

129 523 272 590 Exstant
303 523 372 589 eius
402 523 567 589 ‘adversus
594 519 823 606 Porphyrinm’
845 519 939 586 XXX
971 521 1062 608 libri,
1095 526 1154 608 qui

94 613 217 682 ointer
239 617 347 678 cetera
368 633 466 698 opera
488 612 557 677 eius
578 611 631 676 vel
652 611 793 676 maxime
815 610 1004 694 probantur.

545 809 628 902 Cup.
659 807 732 880 GV.

219 947 409 1034 Gregorius,
435 947 589 1014 Baeticus
615 947 740 1012 Eliberi
767 946 949 1031 episeopus,
975 968 1079 1032 nsque
1108 949 1152 1014 ad

129 1042 307 1104 extremam
328 1040 528 1102 senectutem
547 1036 691 1101 diversos
714 1035 867 1100 mediocri
890 1057 1041 1102 sermone
1063 1040 1153 1102 trae-

128 1129 217 1192 tatus
240 1126 423 1209 composuit
445 1129 479 1190 et
501 1124 553 1190 ‘de
570 1123 644 1190 fide'
667 1124 853 1209 elegantem
878 1123 1014 1206 librnm3
1035 1123 1153 1191 hodie-

78 1237 111 1286 ro
129 1237 191 1301 que
214 1235 383 1300 superesse
406 1214 532 1280 dieitur.

533 1395 616 1486 Cap.
649 1393 744 1466 CVI.

218 1533 390 1619 Paeianns,
411 1534 447 1598 in
466 1533 628 1618 Pyrenaei
645 1533 731 1625 iugis
745 1530 945 1598 Bareelonae
967 1531 1153 1616 episeopus,

130 1622 280 1690 castitate
300 1621 503 1708 eloquentiae
522 1625 641 1686 ettam
659 1622 728 1686 vita
746 1641 843 1704 quam
862 1640 1009 1686 sermone
1033 1621 1154 1705 olarus,

131 1713 261 1795 scripsit
292 1711 382 1776 varia
413 1709 581 1794 opuscula,
618 1709 657 1773 de
690 1709 807 1793 quibus
844 1712 895 1773 est
922 1706 1086 1792 ‘Cervus',
1119 1715 1155 1775 et

78 1799 262 1870 1o‘oontra
293 1797 522 1882 Novatiunos',
552 1802 586 1862 et
618 1798 678 1863 sub
711 1797 894 1863 Theodosio
931 1797 998 1862 iam
1034 1797 1156 1863 ultima

131 1892 295 1956 senectute
319 1890 465 1954 mortuus
489 1891 547 1952 est.

526 2067 608 2158 Cap.
640 2065 758 2140 CVII.

219 2205 379 2272 Photinus
409 2205 448 2270 de
471 2204 712 2290 Gallograecia,
740 2201 887 2270 Marcelli
915 2204 1094 2288 diseipulus
1119 2211 1157 2272 et

132 2295 240 2362 Sirmii
258 2295 428 2380 episeopus
443 2293 621 2378 ordinatus,
639 2293 799 2358 Hebionis
812 2293 954 2358 heresim
968 2293 1155 2361 instaurare

77 2405 113 2453 eo
132 2389 266 2450 conatus
290 2385 354 2469 est,
377 2387 411 2448 et
432 2386 548 2467 postea
571 2405 591 2447 a
614 2381 846 2448 Valentiniano
869 2382 1014 2468 prinoipe
1037 2383 1156 2468 pulsus

132 2473 268 2539 ecelesia
281 2473 376 2558 plura
391 2471 523 2556 scripsit
536 2472 712 2550 volumina,
730 2471 766 2534 in
780 2471 897 2556 quibus
911 2472 963 2538 vel
976 2472 1155 2557 praecipua

132 2565 208 2628 sunt
231 2561 357 2628 ‘eontra
380 2559 510 2647 gentes'
534 2563 567 2624 et
590 2559 642 2624 ‘ad
666 2557 951 2626 Valentinianum’
974 2560 1061 2627 libri.

514 2759 596 2850 Gap.
628 2757 771 2830 CVIII.

221 2897 443 2984 Phoebadius,
472 2897 604 2983 Agenni
628 2895 807 2962 Galliarum
836 2896 1022 2982 episcopus,
1051 2895 1156 2962 edidit

78 3011 112 3060 et
132 2991 246 3056 eontra
276 2987 418 3053 Arianos
447 2985 577 3052 librum.
627 2985 789 3050 Dicuntur
820 2985 888 3050 eius
922 2989 955 3050 et
986 2983 1052 3049 alin
1080 3006 1155 3050 esse

204 3168 217 3216 1
235 3161 346 3218 Bemb.=
359 3161 451 3218 Probo
521 3163 554 3215 12
569 3159 681 3218 Bamb.:
692 3159 827 3216 Patianns
890 3167 923 3215 18
937 3159 1050 3214 Bumb.:
1066 3159 1154 3214 oesti-

133 3237 216 3306 geue
244 3233 424 3304 eloquentius
516 3237 549 3286 14
571 3229 686 3286 Baubo*
710 3233 845 3299 pereunte
873 3248 956 3286 senen
980 3229 1052 3284 liber
1078 3247 1154 3286 unus

134 3307 231 3361 eontra
251 3346 279 3362 ..
352 3309 385 3360 21
407 3303 511 3388 ‘pluro’
533 3301 613 3357 deest
630 3301 660 3355 in
678 3299 743 3382 Vat.
815 3301 926 3358 Bamb.:
946 3299 1093 3384 praecipui

133 3383 167 3430 sl
186 3377 265 3434 Vatr
284 3376 475 3442 Phoedanus3
495 3374 604 3430 Bornos
624 3370 778 3438 Lebsdrus3
797 3372 894 3426 Bern.=
913 3371 1072 3426 Phebadmr
