<?xml version="1.0" encoding="UTF-8"?>
<!DOCTYPE html PUBLIC "-//W3C//DTD XHTML 1.0 Transitional//EN"
    "http://www.w3.org/TR/xhtml1/DTD/xhtml1-transitional.dtd">
<html xmlns="http://www.w3.org/1999/xhtml" xml:lang="en" lang="en">
 <head>
  <title>
</title>
<meta http-equiv="Content-Type" content="text/html;charset=utf-8" />
  <meta name='ocr-system' content='tesseract 3.04.00' />
  <meta name='ocr-capabilities' content='ocr_page ocr_carea ocr_par ocr_line ocrx_word'/>
</head>
<body>
  <div class='ocr_page' id='page_1' title='image "./heironymideviri01jerogoog_0137.png"; bbox 0 0 2522 3802; ppageno 0'>
   <div class='ocr_carea' id='block_1_1' title="bbox 532 67 751 132">
    <p class='ocr_par' dir='ltr' id='par_1_1' title="bbox 532 67 751 132">
     <span class='ocr_line' id='line_1_1' title="bbox 532 67 751 132; baseline 0 -18"><span class='ocrx_word' id='word_1_1' title='bbox 532 67 751 132; x_wconf 77' lang='grc'>..88-</span> 
     </span>
    </p>
   </div>
   <div class='ocr_carea' id='block_1_2' title="bbox 360 233 798 338">
    <p class='ocr_par' dir='ltr' id='par_1_2' title="bbox 360 233 798 338">
     <span class='ocr_line' id='line_1_2' title="bbox 360 233 798 338; baseline -0.002 -21"><span class='ocrx_word' id='word_1_2' title='bbox 360 233 362 238; x_wconf 83' lang='grc'><strong>’</strong></span> <span class='ocrx_word' id='word_1_3' title='bbox 495 245 576 338; x_wconf 66' lang='lat' dir='ltr'><strong>oap.</strong></span> <span class='ocrx_word' id='word_1_4' title='bbox 608 245 798 317; x_wconf 75' lang='lat' dir='ltr'><strong>xxxix.</strong></span> 
     </span>
    </p>
   </div>
   <div class='ocr_carea' id='block_1_3' title="bbox 82 381 1235 1438">
    <p class='ocr_par' dir='ltr' id='par_1_3' title="bbox 133 381 1232 656">
     <span class='ocr_line' id='line_1_3' title="bbox 223 381 1163 469; baseline 0 -21"><span class='ocrx_word' id='word_1_5' title='bbox 223 383 428 469; x_wconf 75' lang='lat' dir='ltr'>Augustinus</span> <span class='ocrx_word' id='word_1_6' title='bbox 456 383 549 469; x_wconf 82' lang='lat' dir='ltr'><strong>Afer,</strong></span> <span class='ocrx_word' id='word_1_7' title='bbox 578 383 800 468; x_wconf 80' lang='lat' dir='ltr'><strong>Hipponensis</strong></span> <span class='ocrx_word' id='word_1_8' title='bbox 831 381 942 466; x_wconf 88' lang='lat' dir='ltr'><strong>oppidi</strong></span> <span class='ocrx_word' id='word_1_9' title='bbox 974 383 1163 468; x_wconf 85' lang='lat' dir='ltr'><strong>episcopus,</strong></span> 
     </span>
     <span class='ocr_line' id='line_1_4' title="bbox 133 469 1162 557; baseline -0.002 -20"><span class='ocrx_word' id='word_1_10' title='bbox 133 474 183 537; x_wconf 91' lang='lat' dir='ltr'><strong>vir</strong></span> <span class='ocrx_word' id='word_1_11' title='bbox 197 472 377 538; x_wconf 76' lang='lat' dir='ltr'><strong>eruditione</strong></span> <span class='ocrx_word' id='word_1_12' title='bbox 392 472 502 537; x_wconf 87' lang='lat' dir='ltr'><strong>divins</strong></span> <span class='ocrx_word' id='word_1_13' title='bbox 516 476 549 537; x_wconf 89' lang='lat' dir='ltr'><strong>et</strong></span> <span class='ocrx_word' id='word_1_14' title='bbox 565 472 710 537; x_wconf 88' lang='lat' dir='ltr'><strong>humana</strong></span> <span class='ocrx_word' id='word_1_15' title='bbox 723 471 795 537; x_wconf 91' lang='lat' dir='ltr'><strong>orbi</strong></span> <span class='ocrx_word' id='word_1_16' title='bbox 808 471 924 555; x_wconf 86' lang='lat' dir='ltr'><strong>clarus,</strong></span> <span class='ocrx_word' id='word_1_17' title='bbox 941 469 1004 536; x_wconf 89' lang='lat' dir='ltr'><strong>fide</strong></span> <span class='ocrx_word' id='word_1_18' title='bbox 1017 471 1162 557; x_wconf 75' lang='lat' dir='ltr'><strong>integer,</strong></span> 
     </span>
     <span class='ocr_line' id='line_1_5' title="bbox 135 559 1232 656; baseline -0.001 -31"><span class='ocrx_word' id='word_1_19' title='bbox 135 561 204 626; x_wconf 92' lang='lat' dir='ltr'><strong>vita</strong></span> <span class='ocrx_word' id='word_1_20' title='bbox 226 583 326 645; x_wconf 89' lang='lat' dir='ltr'><strong>purus</strong></span> <span class='ocrx_word' id='word_1_21' title='bbox 345 561 483 644; x_wconf 78' lang='lat' dir='ltr'><strong>scripsit,</strong></span> <span class='ocrx_word' id='word_1_22' title='bbox 506 563 629 644; x_wconf 82' lang='lat' dir='ltr'><strong>quanta</strong></span> <span class='ocrx_word' id='word_1_23' title='bbox 651 581 711 625; x_wconf 89' lang='lat' dir='ltr'><strong>neo</strong></span> <span class='ocrx_word' id='word_1_24' title='bbox 729 559 868 624; x_wconf 91' lang='lat' dir='ltr'><strong>inveniri</strong></span> <span class='ocrx_word' id='word_1_25' title='bbox 889 563 1037 643; x_wconf 89' lang='lat' dir='ltr'><strong>possunt.</strong></span> <span class='ocrx_word' id='word_1_26' title='bbox 1075 559 1160 636; x_wconf 81' lang='lat' dir='ltr'><strong>Quis</strong></span> <span class='ocrx_word' id='word_1_27' title='bbox 1231 582 1232 656; x_wconf 52' lang='lat' dir='ltr'><strong>p</strong></span> 
     </span>
    </p>

    <p class='ocr_par' dir='ltr' id='par_1_4' title="bbox 99 646 1235 1086">
     <span class='ocr_line' id='line_1_6' title="bbox 99 646 1233 740; baseline -0.003 -26"><span class='ocrx_word' id='word_1_28' title='bbox 99 649 222 714; x_wconf 82' lang='lat' dir='ltr'><strong>oenim</strong></span> <span class='ocrx_word' id='word_1_29' title='bbox 245 649 404 734; x_wconf 73' lang='lat' dir='ltr'><strong>glorietur</strong></span> <span class='ocrx_word' id='word_1_30' title='bbox 427 649 537 714; x_wconf 92' lang='lat' dir='ltr'><strong>omnia</strong></span> <span class='ocrx_word' id='word_1_31' title='bbox 560 669 594 713; x_wconf 92' lang='lat' dir='ltr'><strong>se</strong></span> <span class='ocrx_word' id='word_1_32' title='bbox 612 647 699 712; x_wconf 88' lang='lat' dir='ltr'><strong>illius</strong></span> <span class='ocrx_word' id='word_1_33' title='bbox 718 646 860 712; x_wconf 78' lang='lat' dir='ltr'><strong>habere?</strong></span> <span class='ocrx_word' id='word_1_34' title='bbox 883 651 940 712; x_wconf 89' lang='lat' dir='ltr'><strong>aut</strong></span> <span class='ocrx_word' id='word_1_35' title='bbox 962 647 1036 732; x_wconf 88' lang='lat' dir='ltr'><strong>quis</strong></span> <span class='ocrx_word' id='word_1_36' title='bbox 1058 650 1159 712; x_wconf 87' lang='lat' dir='ltr'><strong>tanto</strong></span> <span class='ocrx_word' id='word_1_37' title='bbox 1232 688 1233 740; x_wconf 55' lang='lat' dir='ltr'><strong>p</strong></span> 
     </span>
     <span class='ocr_line' id='line_1_7' title="bbox 136 734 1159 823; baseline -0.002 -21"><span class='ocrx_word' id='word_1_38' title='bbox 136 737 244 803; x_wconf 86' lang='lat' dir='ltr'><strong>studio</strong></span> <span class='ocrx_word' id='word_1_39' title='bbox 267 739 365 823; x_wconf 80' lang='lat' dir='ltr'><strong>legat,</strong></span> <span class='ocrx_word' id='word_1_40' title='bbox 387 741 509 822; x_wconf 87' lang='lat' dir='ltr'><strong>quanto</strong></span> <span class='ocrx_word' id='word_1_41' title='bbox 532 737 590 802; x_wconf 91' lang='lat' dir='ltr'><strong>ille</strong></span> <span class='ocrx_word' id='word_1_42' title='bbox 613 735 765 820; x_wconf 83' lang='lat' dir='ltr'><strong>scripsit?</strong></span> <span class='ocrx_word' id='word_1_43' title='bbox 802 734 914 800; x_wconf 80' lang='lat' dir='ltr'><strong>Edidit</strong></span> <span class='ocrx_word' id='word_1_44' title='bbox 936 737 1034 802; x_wconf 87' lang='lat' dir='ltr'><strong>etiam</strong></span> <span class='ocrx_word' id='word_1_45' title='bbox 1058 757 1159 800; x_wconf 88' lang='lat' dir='ltr'><strong>senex</strong></span> 
     </span>
     <span class='ocr_line' id='line_1_8' title="bbox 135 821 1159 909; baseline -0.002 -19"><span class='ocrx_word' id='word_1_46' title='bbox 135 847 215 909; x_wconf 90' lang='lat' dir='ltr'><strong>quos</strong></span> <span class='ocrx_word' id='word_1_47' title='bbox 250 825 374 891; x_wconf 92' lang='lat' dir='ltr'><strong>iuvenis</strong></span> <span class='ocrx_word' id='word_1_48' title='bbox 407 829 558 909; x_wconf 86' lang='lat' dir='ltr'><strong>coeperat</strong></span> <span class='ocrx_word' id='word_1_49' title='bbox 590 823 640 889; x_wconf 74' lang='lat' dir='ltr'><strong>‘de</strong></span> <span class='ocrx_word' id='word_1_50' title='bbox 673 821 845 888; x_wconf 69' lang='lat' dir='ltr'><strong>ufimuu’</strong></span> <span class='ocrx_word' id='word_1_51' title='bbox 878 823 980 890; x_wconf 91' lang='lat' dir='ltr'><strong>libros</strong></span> <span class='ocrx_word' id='word_1_52' title='bbox 1011 822 1089 903; x_wconf 88' lang='lat' dir='ltr'><strong>XV,</strong></span> <span class='ocrx_word' id='word_1_53' title='bbox 1122 825 1159 888; x_wconf 90' lang='lat' dir='ltr'><strong>in</strong></span> 
     </span>
     <span class='ocr_line' id='line_1_9' title="bbox 135 900 1235 998; baseline -0.002 -20"><span class='ocrx_word' id='word_1_54' title='bbox 135 913 263 997; x_wconf 87' lang='lat' dir='ltr'><strong>quibus,</strong></span> <span class='ocrx_word' id='word_1_55' title='bbox 280 916 318 978; x_wconf 89' lang='lat' dir='ltr'><strong>ut</strong></span> <span class='ocrx_word' id='word_1_56' title='bbox 337 913 499 995; x_wconf 85' lang='lat' dir='ltr'><strong>scriptura</strong></span> <span class='ocrx_word' id='word_1_57' title='bbox 517 913 572 992; x_wconf 87' lang='lat' dir='ltr'><strong>ait,</strong></span> <span class='ocrx_word' id='word_1_58' title='bbox 591 911 794 978; x_wconf 84' lang='lat' dir='ltr'><strong>introductus</strong></span> <span class='ocrx_word' id='word_1_59' title='bbox 812 911 847 976; x_wconf 90' lang='lat' dir='ltr'><strong>in</strong></span> <span class='ocrx_word' id='word_1_60' title='bbox 866 911 1048 977; x_wconf 78' lang='lat' dir='ltr'>cubiculum</span> <span class='ocrx_word' id='word_1_61' title='bbox 1067 913 1159 998; x_wconf 79' lang='lat' dir='ltr'><strong>regis</strong></span> <span class='ocrx_word' id='word_1_62' title='bbox 1234 900 1235 934; x_wconf 64' lang='lat'><strong>³</strong></span> 
     </span>
     <span class='ocr_line' id='line_1_10' title="bbox 135 998 1160 1086; baseline 0 -22"><span class='ocrx_word' id='word_1_63' title='bbox 135 1003 169 1065; x_wconf 84' lang='lat' dir='ltr'><strong>et</strong></span> <span class='ocrx_word' id='word_1_64' title='bbox 196 999 364 1065; x_wconf 89' lang='lat' dir='ltr'><strong>decoratus</strong></span> <span class='ocrx_word' id='word_1_65' title='bbox 393 1005 481 1064; x_wconf 89' lang='lat' dir='ltr'><strong>veste</strong></span> <span class='ocrx_word' id='word_1_66' title='bbox 508 999 689 1066; x_wconf 80' lang='lat' dir='ltr'><strong>multifaria</strong></span> <span class='ocrx_word' id='word_1_67' title='bbox 717 1000 896 1084; x_wconf 86' lang='lat' dir='ltr'><strong>sapientiae</strong></span> <span class='ocrx_word' id='word_1_68' title='bbox 918 998 980 1064; x_wconf 91' lang='lat' dir='ltr'><strong>Dei</strong></span> <span class='ocrx_word' id='word_1_69' title='bbox 997 999 1160 1086; x_wconf 58' lang='lat' dir='ltr'><strong>:exhibuit</strong></span> 
     </span>
    </p>

    <p class='ocr_par' dir='ltr' id='par_1_5' title="bbox 82 1087 1158 1438">
     <span class='ocr_line' id='line_1_11' title="bbox 82 1087 1158 1174; baseline -0.003 -19"><span class='ocrx_word' id='word_1_70' title='bbox 82 1107 116 1155; x_wconf 88' lang='lat'><strong>10</strong></span> <span class='ocrx_word' id='word_1_71' title='bbox 135 1087 303 1154; x_wconf 88' lang='lat' dir='ltr'><strong>ecclesiam</strong></span> <span class='ocrx_word' id='word_1_72' title='bbox 330 1110 398 1153; x_wconf 92' lang='lat' dir='ltr'><strong>non</strong></span> <span class='ocrx_word' id='word_1_73' title='bbox 420 1089 597 1154; x_wconf 86' lang='lat' dir='ltr'><strong>habentem</strong></span> <span class='ocrx_word' id='word_1_74' title='bbox 619 1089 779 1154; x_wconf 87' lang='lat' dir='ltr'><strong>maculam</strong></span> <span class='ocrx_word' id='word_1_75' title='bbox 803 1091 859 1152; x_wconf 86' lang='lat' dir='ltr'><strong>aut</strong></span> <span class='ocrx_word' id='word_1_76' title='bbox 881 1108 996 1174; x_wconf 83' lang='lat' dir='ltr'><strong>mgam</strong></span> <span class='ocrx_word' id='word_1_77' title='bbox 1019 1092 1077 1153; x_wconf 86' lang='lat' dir='ltr'><strong>aut</strong></span> <span class='ocrx_word' id='word_1_78' title='bbox 1099 1089 1158 1153; x_wconf 85' lang='lat' dir='ltr'><strong>ali·</strong></span> 
     </span>
     <span class='ocr_line' id='line_1_12' title="bbox 135 1175 1157 1261; baseline 0 -19"><span class='ocrx_word' id='word_1_79' title='bbox 135 1175 213 1261; x_wconf 92' lang='lat' dir='ltr'><strong>quid</strong></span> <span class='ocrx_word' id='word_1_80' title='bbox 227 1176 392 1242; x_wconf 86' lang='lat' dir='ltr'><strong>eiusmodi.</strong></span> <span class='ocrx_word' id='word_1_81' title='bbox 420 1175 470 1242; x_wconf 90' lang='lat' dir='ltr'><strong>De</strong></span> <span class='ocrx_word' id='word_1_82' title='bbox 484 1177 707 1243; x_wconf 84' lang='lat' dir='ltr'><strong>incarnatione</strong></span> <span class='ocrx_word' id='word_1_83' title='bbox 716 1175 849 1242; x_wconf 90' lang='lat' dir='ltr'><strong>Domini</strong></span> <span class='ocrx_word' id='word_1_84' title='bbox 864 1197 991 1261; x_wconf 90' lang='lat' dir='ltr'><strong>quoque</strong></span> <span class='ocrx_word' id='word_1_85' title='bbox 1004 1177 1157 1242; x_wconf 85' lang='lat' dir='ltr'><strong>idoneam</strong></span> 
     </span>
     <span class='ocr_line' id='line_1_13' title="bbox 135 1265 1158 1350; baseline 0.001 -21"><span class='ocrx_word' id='word_1_86' title='bbox 135 1265 237 1330; x_wconf 79' lang='lat' dir='ltr'><strong>edidit</strong></span> <span class='ocrx_word' id='word_1_87' title='bbox 271 1265 439 1350; x_wconf 88' lang='lat' dir='ltr'><strong>pietatem,</strong></span> <span class='ocrx_word' id='word_1_88' title='bbox 476 1266 514 1330; x_wconf 91' lang='lat' dir='ltr'><strong>de</strong></span> <span class='ocrx_word' id='word_1_89' title='bbox 549 1265 784 1331; x_wconf 87' lang='lat' dir='ltr'><strong>resurrectione</strong></span> <span class='ocrx_word' id='word_1_90' title='bbox 819 1265 916 1329; x_wconf 87' lang='lat' dir='ltr'><strong>etiam</strong></span> <span class='ocrx_word' id='word_1_91' title='bbox 952 1269 1158 1330; x_wconf 86' lang='lat' dir='ltr'><strong>mortuorum</strong></span> 
     </span>
     <span class='ocr_line' id='line_1_14' title="bbox 136 1353 1157 1438; baseline -0.001 -20"><span class='ocrx_word' id='word_1_92' title='bbox 136 1353 233 1418; x_wconf 90' lang='lat' dir='ltr'><strong>simili</strong></span> <span class='ocrx_word' id='word_1_93' title='bbox 257 1354 398 1418; x_wconf 85' lang='lat' dir='ltr'><strong>cucurrit</strong></span> <span class='ocrx_word' id='word_1_94' title='bbox 420 1353 614 1438; x_wconf 86' lang='lat' dir='ltr'><strong>sinceritate,</strong></span> <span class='ocrx_word' id='word_1_95' title='bbox 636 1353 713 1417; x_wconf 86' lang='lat' dir='ltr'><strong>lieet</strong></span> <span class='ocrx_word' id='word_1_96' title='bbox 735 1353 842 1417; x_wconf 91' lang='lat' dir='ltr'><strong>miuus</strong></span> <span class='ocrx_word' id='word_1_97' title='bbox 866 1353 1039 1437; x_wconf 73' lang='lat' dir='ltr'><strong>capacibus</strong></span> <span class='ocrx_word' id='word_1_98' title='bbox 1063 1353 1157 1418; x_wconf 94' lang='lat' dir='ltr'><strong>dubi-</strong></span> 
     </span>
    </p>
   </div>
   <div class='ocr_carea' id='block_1_4' title="bbox 136 1441 682 1508">
    <p class='ocr_par' dir='ltr' id='par_1_6' title="bbox 136 1441 682 1508">
     <span class='ocr_line' id='line_1_15' title="bbox 136 1441 682 1508; baseline -0.002 -1"><span class='ocrx_word' id='word_1_99' title='bbox 136 1443 295 1507; x_wconf 84' lang='lat' dir='ltr'><strong>tationem</strong></span> <span class='ocrx_word' id='word_1_100' title='bbox 318 1442 357 1507; x_wconf 90' lang='lat' dir='ltr'><strong>de</strong></span> <span class='ocrx_word' id='word_1_101' title='bbox 380 1442 537 1508; x_wconf 82' lang='lat' dir='ltr'><strong>abortivis</strong></span> <span class='ocrx_word' id='word_1_102' title='bbox 559 1441 682 1507; x_wconf 81' lang='lat' dir='ltr'><strong>fecerit</strong></span> 
     </span>
    </p>
   </div>
   <div class='ocr_carea' id='block_1_5' title="bbox 83 1654 743 1746">
    <p class='ocr_par' dir='ltr' id='par_1_7' title="bbox 83 1654 743 1746">
     <span class='ocr_line' id='line_1_16' title="bbox 83 1654 743 1746; baseline 0 -20"><span class='ocrx_word' id='word_1_103' title='bbox 83 1677 116 1726; x_wconf 81' lang='lat' dir='ltr'><strong>1e</strong></span> <span class='ocrx_word' id='word_1_104' title='bbox 549 1655 631 1746; x_wconf 75' lang='lat' dir='ltr'><strong>Cup.</strong></span> <span class='ocrx_word' id='word_1_105' title='bbox 662 1654 743 1726; x_wconf 85' lang='lat' dir='ltr'><strong>XL.</strong></span> 
     </span>
    </p>
   </div>
   <div class='ocr_carea' id='block_1_6' title="bbox 83 1789 1157 2585">
    <p class='ocr_par' dir='ltr' id='par_1_8' title="bbox 134 1789 1157 2144">
     <span class='ocr_line' id='line_1_17' title="bbox 225 1789 1156 1878; baseline 0.004 -22"><span class='ocrx_word' id='word_1_106' title='bbox 225 1791 358 1857; x_wconf 90' lang='lat' dir='ltr'><strong>Orosius</strong></span> <span class='ocrx_word' id='word_1_107' title='bbox 385 1793 557 1876; x_wconf 82' lang='lat' dir='ltr'><strong>presbyter</strong></span> <span class='ocrx_word' id='word_1_108' title='bbox 585 1789 728 1876; x_wconf 86' lang='lat' dir='ltr'><strong>Hispani</strong></span> <span class='ocrx_word' id='word_1_109' title='bbox 755 1793 898 1877; x_wconf 82' lang='lat' dir='ltr'><strong>generis,</strong></span> <span class='ocrx_word' id='word_1_110' title='bbox 929 1793 978 1858; x_wconf 87' lang='lat' dir='ltr'><strong>vir</strong></span> <span class='ocrx_word' id='word_1_111' title='bbox 1006 1791 1156 1878; x_wconf 89' lang='lat' dir='ltr'><strong>eloquen-</strong></span> 
     </span>
     <span class='ocr_line' id='line_1_18' title="bbox 134 1879 1156 1966; baseline 0.002 -20"><span class='ocrx_word' id='word_1_112' title='bbox 134 1879 280 1946; x_wconf 88' lang='lat' dir='ltr'><strong>tissimus</strong></span> <span class='ocrx_word' id='word_1_113' title='bbox 318 1883 351 1945; x_wconf 87' lang='lat' dir='ltr'><strong>et</strong></span> <span class='ocrx_word' id='word_1_114' title='bbox 385 1879 597 1946; x_wconf 88' lang='lat' dir='ltr'><strong>historiarum</strong></span> <span class='ocrx_word' id='word_1_115' title='bbox 633 1880 796 1966; x_wconf 82' lang='lat' dir='ltr'><strong>cognitor,</strong></span> <span class='ocrx_word' id='word_1_116' title='bbox 833 1881 965 1964; x_wconf 86' lang='lat' dir='ltr'><strong>scripsit</strong></span> <span class='ocrx_word' id='word_1_117' title='bbox 1001 1879 1156 1948; x_wconf 87' lang='lat' dir='ltr'><strong>adversus</strong></span> 
     </span>
     <span class='ocr_line' id='line_1_19' title="bbox 136 1965 1157 2054; baseline 0.003 -21"><span class='ocrx_word' id='word_1_118' title='bbox 136 1968 287 2054; x_wconf 90' lang='lat' dir='ltr'><strong>querulos</strong></span> <span class='ocrx_word' id='word_1_119' title='bbox 324 1965 505 2035; x_wconf 80' lang='lat' dir='ltr'><strong>Christiani</strong></span> <span class='ocrx_word' id='word_1_120' title='bbox 544 1968 700 2054; x_wconf 86' lang='lat' dir='ltr'><strong>nominis,</strong></span> <span class='ocrx_word' id='word_1_121' title='bbox 744 1969 800 2054; x_wconf 88' lang='lat' dir='ltr'><strong>qui</strong></span> <span class='ocrx_word' id='word_1_122' title='bbox 842 1969 953 2034; x_wconf 87' lang='lat' dir='ltr'><strong>dicunt</strong></span> <span class='ocrx_word' id='word_1_123' title='bbox 994 1969 1157 2036; x_wconf 81' lang='lat' dir='ltr'><strong>delectum</strong></span> 
     </span>
     <span class='ocr_line' id='line_1_20' title="bbox 135 2055 1156 2144; baseline 0.001 -21"><span class='ocrx_word' id='word_1_124' title='bbox 135 2055 302 2124; x_wconf 88' lang='lat' dir='ltr'><strong>Romanae</strong></span> <span class='ocrx_word' id='word_1_125' title='bbox 325 2057 521 2144; x_wconf 84' lang='lat' dir='ltr'><strong>reipublicae</strong></span> <span class='ocrx_word' id='word_1_126' title='bbox 544 2055 667 2126; x_wconf 81' lang='lat' dir='ltr'><strong>Christi</strong></span> <span class='ocrx_word' id='word_1_127' title='bbox 690 2058 839 2124; x_wconf 87' lang='lat' dir='ltr'><strong>doctrina</strong></span> <span class='ocrx_word' id='word_1_128' title='bbox 861 2058 1024 2124; x_wconf 84' lang='lat' dir='ltr'><strong>invectum</strong></span> <span class='ocrx_word' id='word_1_129' title='bbox 1052 2058 1156 2124; x_wconf 89' lang='lat' dir='ltr'><strong>libros</strong></span> 
     </span>
    </p>

    <p class='ocr_par' dir='ltr' id='par_1_9' title="bbox 83 2145 1157 2585">
     <span class='ocr_line' id='line_1_21' title="bbox 83 2145 1157 2233; baseline 0 -21"><span class='ocrx_word' id='word_1_130' title='bbox 83 2164 117 2214; x_wconf 82' lang='lat'><strong>20</strong></span> <span class='ocrx_word' id='word_1_131' title='bbox 137 2146 210 2233; x_wconf 85' lang='lat' dir='ltr'><strong>Vll,</strong></span> <span class='ocrx_word' id='word_1_132' title='bbox 223 2147 259 2212; x_wconf 94' lang='lat' dir='ltr'><strong>in</strong></span> <span class='ocrx_word' id='word_1_133' title='bbox 273 2148 391 2232; x_wconf 90' lang='lat' dir='ltr'><strong>quibus</strong></span> <span class='ocrx_word' id='word_1_134' title='bbox 404 2169 507 2232; x_wconf 90' lang='lat' dir='ltr'><strong>paene</strong></span> <span class='ocrx_word' id='word_1_135' title='bbox 520 2147 621 2213; x_wconf 85' lang='lat' dir='ltr'><strong>totius</strong></span> <span class='ocrx_word' id='word_1_136' title='bbox 631 2147 743 2214; x_wconf 87' lang='lat' dir='ltr'><strong>mundi</strong></span> <span class='ocrx_word' id='word_1_137' title='bbox 756 2145 957 2212; x_wconf 85' lang='lat' dir='ltr'><strong>calamitates</strong></span> <span class='ocrx_word' id='word_1_138' title='bbox 967 2149 1001 2212; x_wconf 88' lang='lat' dir='ltr'><strong>et</strong></span> <span class='ocrx_word' id='word_1_139' title='bbox 1009 2147 1157 2212; x_wconf 89' lang='lat' dir='ltr'><strong>miserias</strong></span> 
     </span>
     <span class='ocr_line' id='line_1_22' title="bbox 137 2235 1157 2322; baseline -0.001 -20"><span class='ocrx_word' id='word_1_140' title='bbox 137 2258 175 2302; x_wconf 87' lang='lat' dir='ltr'><strong>ac</strong></span> <span class='ocrx_word' id='word_1_141' title='bbox 208 2237 369 2302; x_wconf 90' lang='lat' dir='ltr'><strong>bellorum</strong></span> <span class='ocrx_word' id='word_1_142' title='bbox 401 2235 641 2320; x_wconf 87' lang='lat' dir='ltr'><strong>inquietudines</strong></span> <span class='ocrx_word' id='word_1_143' title='bbox 677 2236 838 2320; x_wconf 89' lang='lat' dir='ltr'><strong>replicans</strong></span> <span class='ocrx_word' id='word_1_144' title='bbox 876 2235 1018 2300; x_wconf 84' lang='lat' dir='ltr'><strong>ostendit</strong></span> <span class='ocrx_word' id='word_1_145' title='bbox 1051 2237 1157 2322; x_wconf 79' lang='lat' dir='ltr'><strong>magis</strong></span> 
     </span>
     <span class='ocr_line' id='line_1_23' title="bbox 137 2323 1157 2409; baseline -0.002 -19"><span class='ocrx_word' id='word_1_146' title='bbox 137 2323 332 2390; x_wconf 86' lang='lat' dir='ltr'><strong>christianae</strong></span> <span class='ocrx_word' id='word_1_147' title='bbox 365 2323 589 2388; x_wconf 87' lang='lat' dir='ltr'><strong>observantiae</strong></span> <span class='ocrx_word' id='word_1_148' title='bbox 623 2345 707 2408; x_wconf 86' lang='lat' dir='ltr'><strong>esse,</strong></span> <span class='ocrx_word' id='word_1_149' title='bbox 742 2323 828 2409; x_wconf 93' lang='lat' dir='ltr'><strong>quod</strong></span> <span class='ocrx_word' id='word_1_150' title='bbox 858 2325 973 2389; x_wconf 86' lang='lat' dir='ltr'><strong>contra</strong></span> <span class='ocrx_word' id='word_1_151' title='bbox 1005 2323 1157 2389; x_wconf 86' lang='lat' dir='ltr'><strong>meritum</strong></span> 
     </span>
     <span class='ocr_line' id='line_1_24' title="bbox 137 2410 1157 2496; baseline 0 -19"><span class='ocrx_word' id='word_1_152' title='bbox 137 2434 231 2477; x_wconf 90' lang='lat' dir='ltr'><strong>suum</strong></span> <span class='ocrx_word' id='word_1_153' title='bbox 258 2433 310 2476; x_wconf 89' lang='lat' dir='ltr'><strong>res</strong></span> <span class='ocrx_word' id='word_1_154' title='bbox 336 2410 487 2476; x_wconf 85' lang='lat' dir='ltr'><strong>Romana</strong></span> <span class='ocrx_word' id='word_1_155' title='bbox 519 2410 646 2478; x_wconf 87' lang='lat' dir='ltr'><strong>adhunc</strong></span> <span class='ocrx_word' id='word_1_156' title='bbox 678 2411 809 2478; x_wconf 88' lang='lat' dir='ltr'><strong>duraret</strong></span> <span class='ocrx_word' id='word_1_157' title='bbox 839 2415 873 2476; x_wconf 89' lang='lat' dir='ltr'><strong>et</strong></span> <span class='ocrx_word' id='word_1_158' title='bbox 900 2431 979 2496; x_wconf 89' lang='lat' dir='ltr'><strong>paco</strong></span> <span class='ocrx_word' id='word_1_159' title='bbox 1011 2412 1157 2477; x_wconf 86' lang='lat' dir='ltr'><strong>culturae</strong></span> 
     </span>
     <span class='ocr_line' id='line_1_25' title="bbox 136 2497 1157 2585; baseline 0.002 -22"><span class='ocrx_word' id='word_1_160' title='bbox 136 2497 199 2564; x_wconf 92' lang='lat' dir='ltr'><strong>Dei</strong></span> <span class='ocrx_word' id='word_1_161' title='bbox 221 2502 373 2582; x_wconf 88' lang='lat' dir='ltr'><strong>pacatum</strong></span> <span class='ocrx_word' id='word_1_162' title='bbox 391 2499 547 2563; x_wconf 87' lang='lat' dir='ltr'><strong>retineret</strong></span> <span class='ocrx_word' id='word_1_163' title='bbox 564 2498 744 2585; x_wconf 89' lang='lat' dir='ltr'><strong>imperium.</strong></span> <span class='ocrx_word' id='word_1_164' title='bbox 786 2497 870 2565; x_wconf 85' lang='lat' dir='ltr'><strong>Sane</strong></span> <span class='ocrx_word' id='word_1_165' title='bbox 888 2501 924 2565; x_wconf 91' lang='lat' dir='ltr'><strong>in</strong></span> <span class='ocrx_word' id='word_1_166' title='bbox 942 2499 1047 2584; x_wconf 91' lang='lat' dir='ltr'><strong>primo</strong></span> <span class='ocrx_word' id='word_1_167' title='bbox 1071 2499 1157 2565; x_wconf 89' lang='lat' dir='ltr'><strong>libro</strong></span> 
     </span>
    </p>
   </div>
   <div class='ocr_carea' id='block_1_7' title="bbox 135 2670 1158 3380">
    <p class='ocr_par' dir='ltr' id='par_1_10' title="bbox 135 2670 1158 3380">
     <span class='ocr_line' id='line_1_26' title="bbox 209 2670 1158 2744; baseline 0 -16"><span class='ocrx_word' id='word_1_168' title='bbox 209 2679 225 2728; x_wconf 92' lang='grc'><strong>2</strong></span> <span class='ocrx_word' id='word_1_169' title='bbox 244 2671 357 2728; x_wconf 82' lang='lat' dir='ltr'><strong>Bamb.=</strong></span> <span class='ocrx_word' id='word_1_170' title='bbox 376 2670 433 2742; x_wconf 87' lang='lat' dir='ltr'><strong>Hip</strong></span> <span class='ocrx_word' id='word_1_171' title='bbox 455 2687 525 2728; x_wconf 85' lang='lat' dir='ltr'><strong>onae</strong></span> <span class='ocrx_word' id='word_1_172' title='bbox 543 2672 638 2743; x_wconf 79' lang='lat' dir='ltr'><strong>regiae</strong></span> <span class='ocrx_word' id='word_1_173' title='bbox 744 2678 760 2726; x_wconf 80' lang='lat'><strong>5</strong></span> <span class='ocrx_word' id='word_1_174' title='bbox 779 2673 876 2730; x_wconf 87' lang='lat' dir='ltr'><strong>Bamb.</strong></span> <span class='ocrx_word' id='word_1_175' title='bbox 896 2677 926 2730; x_wconf 89' lang='lat' dir='ltr'><strong>et</strong></span> <span class='ocrx_word' id='word_1_176' title='bbox 943 2671 1083 2730; x_wconf 85' lang='lat' dir='ltr'><strong>Norimb.:</strong></span> <span class='ocrx_word' id='word_1_177' title='bbox 1103 2689 1158 2744; x_wconf 77' lang='lat' dir='ltr'><strong>ego</strong></span> 
     </span>
     <span class='ocr_line' id='line_1_27' title="bbox 138 2689 1156 2814; baseline 0.002 -16"><span class='ocrx_word' id='word_1_178' title='bbox 138 2751 154 2798; x_wconf 85' lang='grc'><strong>6</strong></span> <span class='ocrx_word' id='word_1_179' title='bbox 172 2743 233 2800; x_wconf 88' lang='lat' dir='ltr'><strong>Hoc</strong></span> <span class='ocrx_word' id='word_1_180' title='bbox 252 2743 314 2798; x_wconf 90' lang='lat' dir='ltr'><strong>loco</strong></span> <span class='ocrx_word' id='word_1_181' title='bbox 336 2689 513 2814; x_wconf 77' lang='lat' dir='ltr'><strong>Norimberg.</strong></span> <span class='ocrx_word' id='word_1_182' title='bbox 532 2743 603 2798; x_wconf 83' lang='lat' dir='ltr'><strong>haec</strong></span> <span class='ocrx_word' id='word_1_183' title='bbox 621 2742 707 2798; x_wconf 87' lang='lat' dir='ltr'><strong>verba</strong></span> <span class='ocrx_word' id='word_1_184' title='bbox 725 2743 819 2798; x_wconf 84' lang='lat' dir='ltr'><strong>addit:</strong></span> <span class='ocrx_word' id='word_1_185' title='bbox 845 2745 919 2800; x_wconf 84' lang='lat' dir='ltr'><strong>unde</strong></span> <span class='ocrx_word' id='word_1_186' title='bbox 938 2762 972 2800; x_wconf 87' lang='lat' dir='ltr'><strong>ex</strong></span> <span class='ocrx_word' id='word_1_187' title='bbox 990 2743 1082 2798; x_wconf 84' lang='lat' dir='ltr'><strong>multa</strong></span> <span class='ocrx_word' id='word_1_188' title='bbox 1100 2745 1156 2800; x_wconf 89' lang='lat' dir='ltr'><strong>elo-</strong></span> 
     </span>
     <span class='ocr_line' id='line_1_28' title="bbox 137 2813 1157 2885; baseline 0.002 -17"><span class='ocrx_word' id='word_1_189' title='bbox 137 2814 253 2882; x_wconf 84' lang='lat' dir='ltr'><strong>quentia</strong></span> <span class='ocrx_word' id='word_1_190' title='bbox 276 2813 382 2869; x_wconf 85' lang='lat' dir='ltr'><strong>accidit</strong></span> <span class='ocrx_word' id='word_1_191' title='bbox 406 2815 482 2884; x_wconf 92' lang='lat' dir='ltr'><strong>quod</strong></span> <span class='ocrx_word' id='word_1_192' title='bbox 508 2813 581 2868; x_wconf 87' lang='lat' dir='ltr'><strong>dixit</strong></span> <span class='ocrx_word' id='word_1_193' title='bbox 607 2831 657 2884; x_wconf 87' lang='lat' dir='ltr'><strong>per</strong></span> <span class='ocrx_word' id='word_1_194' title='bbox 681 2813 860 2870; x_wconf 83' lang='lat' dir='ltr'><strong>Salomonem</strong></span> <span class='ocrx_word' id='word_1_195' title='bbox 885 2815 1006 2885; x_wconf 85' lang='lat' dir='ltr'><strong>Spiritus</strong></span> <span class='ocrx_word' id='word_1_196' title='bbox 1029 2816 1157 2870; x_wconf 85' lang='lat' dir='ltr'><strong>sanetus:</strong></span> 
     </span>
     <span class='ocr_line' id='line_1_29' title="bbox 137 2883 1157 2966; baseline -0.001 -26"><span class='ocrx_word' id='word_1_197' title='bbox 137 2901 172 2940; x_wconf 87' lang='lat' dir='ltr'><strong>ex</strong></span> <span class='ocrx_word' id='word_1_198' title='bbox 185 2884 365 2953; x_wconf 83' lang='lat' dir='ltr'><strong>multiloquio</strong></span> <span class='ocrx_word' id='word_1_199' title='bbox 379 2903 437 2942; x_wconf 87' lang='lat' dir='ltr'><strong>non</strong></span> <span class='ocrx_word' id='word_1_200' title='bbox 451 2884 566 2956; x_wconf 80' lang='lat' dir='ltr'><strong>effugies</strong></span> <span class='ocrx_word' id='word_1_201' title='bbox 579 2886 728 2954; x_wconf 82' lang='lat' dir='ltr'><strong>peccatum</strong></span> <span class='ocrx_word' id='word_1_202' title='bbox 800 2886 910 2942; x_wconf 88' lang='lat' dir='ltr'><strong>Bamb..</strong></span> <span class='ocrx_word' id='word_1_203' title='bbox 925 2885 997 2966; x_wconf 57' lang='lat' dir='ltr'><strong>iamp</strong></span> <span class='ocrx_word' id='word_1_204' title='bbox 1014 2883 1157 2940; x_wconf 86' lang='lat' dir='ltr'><strong>Norimb.:</strong></span> 
     </span>
     <span class='ocr_line' id='line_1_30' title="bbox 135 2955 1157 3027; baseline 0.002 -17"><span class='ocrx_word' id='word_1_205' title='bbox 135 2957 232 3010; x_wconf 80' lang='lat' dir='ltr'><strong>tomen</strong></span> <span class='ocrx_word' id='word_1_206' title='bbox 300 2955 500 3025; x_wconf 79' lang='lat' dir='ltr'><strong>vA1ii=qu0d</strong></span> <span class='ocrx_word' id='word_1_207' title='bbox 556 2961 589 3010; x_wconf 78' lang='lat'><strong>14</strong></span> <span class='ocrx_word' id='word_1_208' title='bbox 604 2955 681 3011; x_wconf 85' lang='lat' dir='ltr'><strong>Vat:</strong></span> <span class='ocrx_word' id='word_1_209' title='bbox 701 2955 791 3027; x_wconf 78' lang='lat' dir='ltr'><strong>egerit</strong></span> <span class='ocrx_word' id='word_1_210' title='bbox 843 2957 942 3012; x_wconf 85' lang='lat' dir='ltr'><strong>Bamb.</strong></span> <span class='ocrx_word' id='word_1_211' title='bbox 962 2956 1083 3011; x_wconf 82' lang='lat' dir='ltr'><strong>ehcerst</strong></span> <span class='ocrx_word' id='word_1_212' title='bbox 1103 2957 1157 3012; x_wconf 91' lang='lat' dir='ltr'><strong>hoo</strong></span> 
     </span>
     <span class='ocr_line' id='line_1_31' title="bbox 136 3025 1157 3096; baseline 0.001 -15"><span class='ocrx_word' id='word_1_213' title='bbox 136 3026 200 3082; x_wconf 91' lang='lat' dir='ltr'><strong>loco</strong></span> <span class='ocrx_word' id='word_1_214' title='bbox 219 3025 316 3082; x_wconf 87' lang='lat' dir='ltr'><strong>Bamb.</strong></span> <span class='ocrx_word' id='word_1_215' title='bbox 336 3025 430 3081; x_wconf 84' lang='lat' dir='ltr'><strong>addit:</strong></span> <span class='ocrx_word' id='word_1_216' title='bbox 449 3025 604 3084; x_wconf 84' lang='lat' dir='ltr'><strong>catholicus</strong></span> <span class='ocrx_word' id='word_1_217' title='bbox 622 3027 790 3096; x_wconf 78' lang='lat' dir='ltr'><strong>permansit3</strong></span> <span class='ocrx_word' id='word_1_218' title='bbox 808 3027 947 3083; x_wconf 83' lang='lat' dir='ltr'><strong>Norimb.:</strong></span> <span class='ocrx_word' id='word_1_219' title='bbox 967 3043 1043 3081; x_wconf 81' lang='lat' dir='ltr'><strong>error</strong></span> <span class='ocrx_word' id='word_1_220' title='bbox 1061 3027 1157 3082; x_wconf 83' lang='lat' dir='ltr'><strong>tamen</strong></span> 
     </span>
     <span class='ocr_line' id='line_1_32' title="bbox 137 3097 1156 3176; baseline -0.002 -22"><span class='ocrx_word' id='word_1_221' title='bbox 137 3097 214 3154; x_wconf 88' lang='lat' dir='ltr'><strong>illius</strong></span> <span class='ocrx_word' id='word_1_222' title='bbox 233 3113 359 3154; x_wconf 88' lang='lat' dir='ltr'><strong>sermone</strong></span> <span class='ocrx_word' id='word_1_223' title='bbox 378 3097 534 3176; x_wconf 39' lang='lat' dir='ltr'><strong>multo,·ut</strong></span> <span class='ocrx_word' id='word_1_224' title='bbox 550 3097 621 3164; x_wconf 82' lang='lat' dir='ltr'><strong>dixi,</strong></span> <span class='ocrx_word' id='word_1_225' title='bbox 641 3101 814 3166; x_wconf 78' lang='lat' dir='ltr'><strong>contractus,</strong></span> <span class='ocrx_word' id='word_1_226' title='bbox 834 3097 912 3154; x_wconf 85' lang='lat' dir='ltr'><strong>lucta</strong></span> <span class='ocrx_word' id='word_1_227' title='bbox 929 3097 1055 3153; x_wconf 86' lang='lat' dir='ltr'><strong>hostium</strong></span> <span class='ocrx_word' id='word_1_228' title='bbox 1073 3113 1156 3167; x_wconf 76' lang='lat' dir='ltr'><strong>exag-</strong></span> 
     </span>
     <span class='ocr_line' id='line_1_33' title="bbox 158 3165 1156 3232; baseline -0.003 -7"><span class='ocrx_word' id='word_1_229' title='bbox 158 3171 252 3226; x_wconf 85' lang='lat' dir='ltr'><strong>eratus</strong></span> <span class='ocrx_word' id='word_1_230' title='bbox 269 3167 390 3224; x_wconf 88' lang='lat' dir='ltr'><strong>necdum</strong></span> <span class='ocrx_word' id='word_1_231' title='bbox 408 3166 513 3220; x_wconf 78' lang='lat' dir='ltr'><strong>hereos</strong></span> <span class='ocrx_word' id='word_1_232' title='bbox 532 3165 727 3232; x_wconf 85' lang='lat' dir='ltr'><strong>quaestionem</strong></span> <span class='ocrx_word' id='word_1_233' title='bbox 749 3167 873 3222; x_wconf 84' lang='lat' dir='ltr'><strong>absolvit</strong></span> <span class='ocrx_word' id='word_1_234' title='bbox 964 3173 997 3224; x_wconf 80' lang='lat'><strong>16</strong></span> <span class='ocrx_word' id='word_1_235' title='bbox 1016 3167 1156 3223; x_wconf 61' lang='lat' dir='ltr'><strong>commu:</strong></span> 
     </span>
     <span class='ocr_line' id='line_1_34' title="bbox 167 3233 1154 3311; baseline -0.004 -15"><span class='ocrx_word' id='word_1_236' title='bbox 167 3240 280 3311; x_wconf 84' lang='lat' dir='ltr'><strong>&#39;spanus</strong></span> <span class='ocrx_word' id='word_1_237' title='bbox 298 3252 400 3310; x_wconf 81' lang='lat' dir='ltr'><strong>genere</strong></span> <span class='ocrx_word' id='word_1_238' title='bbox 472 3239 506 3288; x_wconf 82' lang='grc' dir='ltr'><strong>2ο</strong></span> <span class='ocrx_word' id='word_1_239' title='bbox 524 3233 636 3288; x_wconf 83' lang='lat' dir='ltr'><strong>Bamb.:</strong></span> <span class='ocrx_word' id='word_1_240' title='bbox 655 3235 753 3289; x_wconf 87' lang='lat' dir='ltr'><strong>mundi</strong></span> <span class='ocrx_word' id='word_1_241' title='bbox 770 3237 909 3304; x_wconf 86' lang='lat' dir='ltr'><strong>tempora,</strong></span> <span class='ocrx_word' id='word_1_242' title='bbox 928 3236 996 3301; x_wconf 85' lang='lat' dir='ltr'><strong>oaL;</strong></span> <span class='ocrx_word' id='word_1_243' title='bbox 1015 3235 1154 3298; x_wconf 84' lang='lat' dir='ltr'><strong>Norimb.:</strong></span> 
     </span>
     <span class='ocr_line' id='line_1_35' title="bbox 138 3303 950 3380; baseline -0.006 -16"><span class='ocrx_word' id='word_1_244' title='bbox 138 3311 238 3367; x_wconf 89' lang='lat' dir='ltr'><strong>mundi</strong></span> <span class='ocrx_word' id='word_1_245' title='bbox 255 3309 390 3380; x_wconf 86' lang='lat' dir='ltr'><strong>temporis</strong></span> <span class='ocrx_word' id='word_1_246' title='bbox 409 3304 460 3360; x_wconf 86' lang='lat' dir='ltr'><strong>cal.</strong></span> <span class='ocrx_word' id='word_1_247' title='bbox 533 3307 567 3355; x_wconf 90' lang='grc'><strong>22</strong></span> <span class='ocrx_word' id='word_1_248' title='bbox 587 3303 729 3358; x_wconf 81' lang='lat' dir='ltr'><strong>Norimh:</strong></span> <span class='ocrx_word' id='word_1_249' title='bbox 748 3303 950 3359; x_wconf 81' lang='lat' dir='ltr'><strong>observationis</strong></span> 
     </span>
    </p>
   </div>
   <div class='ocr_carea' id='block_1_8' title="bbox 0 0 1266 3802">
    <p class='ocr_par' dir='ltr' id='par_1_11' title="bbox 0 0 1266 3802">
     <span class='ocr_line' id='line_1_36' title="bbox 0 0 1266 3802; baseline 0 0"><span class='ocrx_word' id='word_1_250' title='bbox 0 0 1266 3802; x_wconf 95' lang='lat' dir='ltr'><strong> </strong></span> 
     </span>
    </p>
   </div>
  </div>
 </body>
</html>
