2522 3802
539 105 754 169 „30-

140 248 373 331 scripturarum
391 241 482 327 VIII,
505 265 587 330 quas
611 265 675 309 uuo
698 243 862 310 volumine
886 244 1054 310 conclusit
1095 243 1168 310 Ex-

139 335 248 421 posuit
271 337 304 398 et
325 332 539 418 apocalypsin
556 332 713 400 Iohannis
735 353 775 398 ex
798 332 939 418 integro,
961 331 1045 398 nihil
1062 333 1098 397 in
1123 355 1166 406 ea

140 423 281 506 carnale,
312 421 368 487 sed
395 424 502 487 totum
530 421 715 506 intelligens
743 420 898 505 spiritale.
943 419 984 486 ln
1013 441 1078 507 qua
1106 444 1165 486 ex-

140 511 302 596 positione
326 510 408 575 dixit
427 511 608 595 angelicam
630 509 792 574 rationem
811 530 927 592 corpus
951 529 1030 574 esse.
1068 508 1164 576 Mille

106 615 267 685 equoque
291 620 451 664 annorum
474 599 566 684 regni
596 599 631 663 in
658 602 744 662 terra
768 597 929 663 iustorum
957 602 1033 680 post
1055 619 1166 664 resur-

140 689 316 754 rectionem
348 686 451 752 futuri
483 686 700 770 suspicionem
736 685 828 769 tulit,
864 707 969 770 neque
1006 686 1089 752 duas
1126 688 1163 752 in

142 799 239 842 earne
253 779 455 842 mortuorum
470 773 722 840 resurrectiones
736 773 873 858 futuras,
886 795 985 839 unam
999 774 1164 840 iustorum

142 870 176 931 et
198 865 335 930 alteram
358 863 567 945 iniustorum,
590 862 768 928 sedunam
797 865 831 927 et
852 863 987 928 insemel
1015 863 1164 928 omnium

90 1055 124 1105 ι
141 955 276 1106 tlt
295 951 772 1125 ‘gittttttttttffit
795 950 981 1104 {tt'ttt
1012 953 1164 1121 Suilli

143 1129 294 1195 ostendit.
339 1127 590 1194 Distinctionem
618 1151 696 1194 sene
720 1128 855 1192 duarum
886 1129 1163 1195 resurrectionum

142 1219 189 1283 ita
211 1217 300 1303 facit,
317 1221 355 1282 ut
372 1218 520 1302 primam,
539 1235 637 1302 quam
655 1217 815 1282 iustorum
833 1216 1052 1301 Apocalypsis
1074 1217 1165 1302 dicit,

144 1307 312 1372 credamus
335 1305 433 1372 modo
455 1305 490 1370 in
509 1306 664 1371 ecclesiae
686 1305 886 1371 incremento
910 1305 974 1390 agi,
996 1305 1052 1370 ubi
1070 1307 1164 1372 iusti·

143 1396 231 1460 ficati
253 1393 430 1480 perfidem
455 1417 475 1460 e
501 1393 682 1460 morticinis
712 1397 919 1478 peccatorum
948 1415 1081 1459 suorum
1103 1418 1165 1480 per

92 1497 125 1546 ιι
143 1485 342 1567 baptismum
372 1483 413 1548 ad
440 1483 527 1548 vitae
557 1487 708 1548 aeternae
736 1481 933 1566 stipendium
957 1483 1164 1567 suscitantur,

144 1573 318 1638 secundem
354 1593 432 1637 vero
470 1571 663 1656 generaliter
694 1571 801 1636 omnis
837 1569 1008 1635 hominum
1044 1571 1165 1637 carnis.

143 1661 271 1726 Floruit
297 1660 351 1737 bio¹
378 1659 428 1724 vir
451 1663 571 1743 aetate,
599 1681 663 1744 qua
691 1663 767 1724 ante
795 1661 994 1725 memoratus
1017 1659 1165 1745 Rufinus,

143 1748 326 1814 Theodosio
351 1751 384 1812 et
407 1747 481 1812 filiis
504 1747 573 1813 eius
597 1747 819 1833 regnantibus.

544 1910 627 2003 Gap.
659 1910 769 1982 XIX.

92 2046 126 2096 ιο
234 2029 370 2098 Severus
399 2031 584 2117 presbyter,
616 2035 832 2116 cognomento
864 2029 1040 2116 Sulpicius,
1062 2031 1165 2118 Aqui-

144 2122 270 2188 tanicae
298 2121 496 2206 provinciae,
529 2121 578 2186 vir
611 2141 729 2207 genere
761 2125 795 2185 et
826 2119 946 2186 litteris
979 2121 1099 2186 nobilis
1131 2127 1166 2188 et

144 2211 347 2295 paupertatis
371 2231 482 2275 amore
505 2210 712 2294 conspicuus,
735 2229 829 2274 cerus
853 2209 952 2274 etiem
976 2213 1163 2276 sanctorum

145 2299 303 2382 virorum,
338 2297 489 2382 Martini,
530 2297 728 2364 Turonensis
770 2297 913 2382 episcopi
960 2301 994 2362 et
1034 2296 1165 2364 Paulini

145 2385 282 2470 Nolani,
314 2386 447 2470 scripsit
477 2407 546 2454 nou
582 2387 819 2452 contemnenda
855 2387 1017 2470 opuscula
1075 2385 1164 2454 Nam

94 2489 128 2542 ιιι
146 2436 303 2560 epistulis
327 2474 381 2540 ad
405 2495 547 2540 amorem
568 2475 688 2541 Deit
655 2479 688 2541 et
711 2479 933 2560 contemptum
956 2475 1068 2540 mundi
1090 2475 1164 2543 bor-

145 2561 295 2630 tatorias’
324 2563 454 2648 scripsit
481 2563 586 2630 sorori
614 2586 691 2630 suae
723 2564 857 2648 multas,
891 2586 974 2649 quae
1005 2568 1039 2629 et
1066 2567 1165 2632 notae

146 2656 231 2719 sunt.
256 2717 257 2722 ,
282 2649 420 2736 Scripsit
448 2651 489 2718 ed
517 2673 617 2736 supra
649 2651 771 2718 dictum
799 2649 972 2718 Paulinum
999 2651 1164 2720 Nolanum

146 2742 227 2808 duas
250 2745 283 2808 et
310 2741 351 2806 ad
375 2741 457 2808 alios
485 2740 574 2808 alias.
621 2738 684 2806 Sed
713 2740 789 2827 quia
812 2741 847 2806 in
875 2741 1037 2826 aliquibus
1064 2742 1164 2808 etiem

146 2830 317 2897 familiaris
336 2831 512 2898 necessitas
526 2830 650 2895 inserta
667 2833 726 2913 est,
749 2851 816 2895 non
835 2829 1035 2915 digeruntur.
1070 2827 1164 2898 (lom-

93 2938 129 2988 ιο
146 2919 258 3001 posuit
271 2923 305 2984 et
319 2918 504 2986 ‘chronica'.
532 2917 670 3004 Scripsit
683 2922 717 2984 et
737 2918 777 2983 ad
792 2918 967 2984 multorom
982 2919 1164 3004 profectum

147 3006 260 3071 ‘ritem
290 3007 379 3073 beati
401 3005 558 3093 Martini',
585 3007 737 3074 monachi
765 3012 798 3074 et
821 3007 978 3092 episcopi,
1005 3008 1108 3094 signis
1131 3015 1165 3075 et

60 3107 63 3112 '
147 3094 304 3180 prodigiis
332 3117 369 3161 ac
397 3097 572 3162 virtutibus
599 3097 747 3163 inlustris
771 3096 842 3182 riri,
871 3099 906 3162 et
933 3095 1163 3164 ‘conlationem

218 3215 331 3272 4Vat.:
351 3215 502 3272 stationem
593 3217 739 3272 SBambe
759 3217 845 3272 aliam
931 3217 1011 3273 Vct:
1029 3219 1059 3273 in
1078 3221 1164 3275 semel

148 3287 201 3357 (εἰς
218 3283 319 3356 ἄπιθι
338 3285 448 3342 Bamb.:
469 3291 499 3342 et
516 3288 584 3342 tunc
602 3288 690 3342 semel
797 3286 945 3343 allambe
938 3292 1085 3358 ·snrgunt

150 3367 183 3416 18
201 3359 313 3416 Bamb.:
306 3357 391 3414 ·fllio
462 3363 496 3412 22
517 3356 631 3414 Bamb.:
623 3361 736 3425 ·atque
754 3356 924 3411 humilitatis
