2512 3794
517 111 763 166 ..mn-

131 272 190 336 21:
213 291 364 337 romano:
387 293 467 338 corr.
490 269 547 338 ω’.

130 359 191 425 22:
214 365 243 425 ei
264 359 315 425 his
339 359 545 445 (V.A.B.N.:
570 365 603 428 si
624 361 664 427 de
687 359 763 448 his).

129 447 191 512 24:
215 447 402 531 ‘epsmlum'
426 470 484 516 om.
508 447 586 535 (A.).
632 448 700 536 (V.:
723 449 921 537 epistulam.)

129 535 189 601 25:
212 557 341 634 cussum
363 535 432 624 (V.:
456 560 569 622 sauss,
590 537 673 604 A.B.
682 538 724 606 N.
747 537 886 626 causas).

132 695 193 762 26:
217 638 423 780 Gallffieno
447 719 485 762 su
509 717 607 762 rasus.
630 693 686 762 m’.

128 784 190 850 29:
213 785 409 850 rethoricam
433 783 479 869 (V
480 719 513 871 ς

131 873 192 939 30:
216 874 332 952 ᾱοοιιιί,
355 873 464 939 exinde
487 871 554 958 (V.:
578 875 611 938 st
634 871 771 959 exinde).

422 1083 428 1091 .
571 1049 640 1116 Pau.
659 1050 704 1106 45.

154 1120 191 1186 3:
215 1117 274 1184 ‘in'
298 1141 361 1185 om.

150 1210 188 1273 4:
212 1205 399 1294 omagius
414 1205 631 1295 (Ourihuqinis
645 1211 724 1302 (ΑΗ)
737 1247 779 1262 ·-
795 1211 848 1278 V:
872 1208 1148 1297 Osrtsgenensis).

154 1298 191 1362 7:
215 1295 365 1363 Gallieno
388 1295 467 1386 (A.).
490 1336 533 1348 —
557 1299 624 1386 (V.:
648 1299 808 1388 Galieno).

132 1386 190 1450 12:
213 1387 345 1452 :silium
368 1385 446 1473 (V.).

132 1475 190 1538 15:
212 1474 381 1540 Dionisius
396 1473 474 1562 (V.).
487 1513 525 1523 -
541 1477 632 1542 Ales.
646 1479 733 1542 sorbis
745 1479 902 1560 spiscopus
915 1475 984 1560 (V.:
1008 1477 1047 1542 A.
1058 1497 1085 1541 s.
1094 1472 1149 1561 u).

132 1563 188 1627 16:
213 1563 274 1628 sub
306 1562 481 1628 Heraclsm
515 1565 635 1629 scolam
669 1565 940 1632 ΚΑΤΝΧΗΣΕΩΝ
978 1565 1149 1650 presbyter

210 1651 317 1716 tenuit
335 1655 368 1715 et
383 1650 534 1736 Origenis
548 1653 644 1716 ualde
658 1653 902 1740 insignissimus
925 1651 1055 1719 auditor
1078 1651 1149 1736 (sub

211 1737 352 1804 Herasla
383 1737 520 1804 sciwlam
554 1759 769 1825 κατηχησεων
794 1743 953 1827 presbyter
990 1743 1090 1807 tenuit
1120 1747 1151 1806 st

213 1823 355 1910 Orsymis
376 1827 464 1892 ualde
490 1829 723 1911 insiymssssimus
752 1827 891 1917 auditor)
920 1829 988 1912 [V.:
1017 1827 1147 1914 ‘valde'3

211 1913 264 1981 A.:
289 1913 441 1980 ‘adiutor'
466 1918 554 1997 om.].

134 2002 194 2067 19:
218 2003 373 2088 epistulas
397 2003 495 2069 misit:
521 2041 560 2051 —
587 2009 701 2071 extant
723 2005 803 2094 (V.).

129 2091 190 2156 20:
213 2089 351 2156 Fusium
374 2091 442 2176 (V.:
465 2091 670 2179 Fauianum).
692 2133 735 2144 -—
761 2097 893 2180 scripsit
916 2093 955 2160 ds
978 2094 1047 2181 (A.:
1071 2095 1149 2160 seri-

212 2181 280 2263 psii
302 2179 341 2244 de
365 2179 431 2268 (A.:
456 2183 587 2266 scripsii
609 2183 649 2248 ds
667 2206 699 2268 p.
722 2182 920 2270 epistulam).

130 2267 191 2331 21:
214 2273 244 2332 et
264 2269 309 2333 ud
328 2267 488 2336 Romanos
511 2267 580 2355 (V.:
604 2271 661 2337 ‘et'
685 2273 772 2358 om.).
793 2311 830 2320 —
852 2272 1044 2358 Yppoliium
1069 2269 1150 2358 (V.).

210 2393 256 2402 —
278 2363 307 2422 et
329 2359 372 2424 ad
393 2357 461 2442 (V.:
485 2356 542 2422 ‘ei'
566 2358 652 2446 om.).

130 2442 446 2618 23:(l;}151im0nsm
469 2443 537 2533 (V.:
569 2445 800 2536 Philimonem)
833 2454 862 2514 et
890 2449 934 2514 :ui
963 2445 1150 2512 Dionisium

257 2557 279 2598 .:
303 2533 367 2600 ‘sd'
392 2557 477 2602 om..

129 2620 190 2686 24:
214 2619 401 2688 Dionisium
426 2533 494 2709 (is
518 2623 737 2710 Dyonisium).

130 2708 189 2776 25:
212 2709 375 2776 Romarm
396 2712 484 2778 urbis
506 2711 573 2797 (V.:
601 2713 640 2779 R.
664 2713 826 2780 ecclesiae.
850 2751 892 2761 -
917 2713 970 2779 A.:
999 2710 1150 2799 Romus).

128 2798 189 2864 27:
213 2797 379 2866 Diouisius
403 2797 483 2886 (Vn)

573 2921 645 2994 Psy.
664 2927 709 2980 46.

154 3010 192 3076 2:
218 3009 295 3078 ‘hoc’
318 3033 376 3078 om.
400 3009 478 3100 (A.).
525 3009 593 3098 (V.:
616 3013 679 3081 hoc
724 3013 878 3102 robuuis.)

151 3099 188 3164 3:
210 3099 273 3166 Es:
294 3102 360 3168 eius
381 3097 522 3167 Dionisii
545 3038 723 3191 (Dionysii
751 3111 780 3171 et
806 3105 849 3170 ud
875 3102 1051 3188 Dydimum
1075 3100 1151 3190 (Di-

211 3187 353 3274 dysmm)
376 3191 476 3256 ultera
498 3187 567 3276 (V.:
590 3189 782 3279 Didimum).

154 3277 192 3342 4:
217 3298 438 3360 αιωρταττικαι
461 3277 531 3366 (V.:
554 3281 775 3364 ιορταετικαι).
800 3317 838 3330 -
864 3281 1048 3367 plurimum.

155 3366 193 3434 5:
218 3369 411 3456 conscripta
