2512 3794
571 163 615 174 ..
660 125 704 192 36
752 160 791 172 ..

535 270 618 366 Gap.
650 265 837 342 XLVIII.

265 405 429 475 Candidus
443 407 657 493 regnantibus
677 405 924 491 suprascriptis
945 406 980 470 in
1000 405 1203 471 hexameron

175 497 411 584 pulcherrimos
434 499 594 562 tractatus
617 495 727 560 edidit.

558 676 640 768 cap.
673 673 817 748 xtra.

125 837 141 885 o
267 815 399 900 Appion
427 813 488 879 sub
516 811 638 880 Severo
672 815 821 899 principe
854 813 1005 879 similiter
1036 813 1072 877 in
1104 812 1203 878 hexe-

177 925 290 970 meron
312 905 471 968 tractatus
493 901 579 968 fecit.

613 1047 696 1140 Gap.
724 1047 767 1120 L.

267 1183 383 1252 Sextus
408 1186 468 1252 snb
486 1186 681 1272 imperatore
700 1183 820 1252 Severo
842 1186 962 1251 librum
980 1185 1020 1250 de
1040 1207 1202 1251 resurrec-

178 1276 268 1341 tione
293 1275 432 1360 scripsit.

128 1421 161 1469 10
602 1385 685 1479 Gap.
712 1384 779 1458 LI.

269 1523 453 1589 Arabianus
472 1523 533 1588 sub
551 1523 664 1589 eodem
687 1523 790 1589 edidit
807 1521 965 1609 quaedam
985 1522 1141 1606 opuscula
1161 1522 1202 1587 ad

180 1609 405 1678 Christianum
428 1611 548 1695 dogma
570 1612 776 1695 pertinentia.

589 1789 671 1882 Oop.
699 1789 788 1862 LII.

269 1925 367 1994 Iudas
391 1927 429 1992 de
459 1927 669 2014 septuaginta
691 1929 779 2013 apud
801 1929 920 1996 Daniel
942 1928 1203 1996 hebdomadibus

130 2045 162 2094 15
181 2017 368 2102 plenissime
386 2016 566 2102 disputavit
579 2021 613 2083 et
626 2020 881 2104 χρονογραφίαν
900 2018 1101 2103 superiorum
1119 2019 1204 2084 tem-

181 2127 297 2191 porum
319 2127 421 2192 usque
445 2107 486 2172 ad
509 2105 669 2173 decimum
692 2104 801 2172 Severi
823 2107 975 2192 perduxit
997 2125 1128 2173 anuum.

270 2193 310 2258 In
328 2217 392 2280 qna
406 2195 524 2261 erroris
543 2196 700 2282 arguitur,
719 2196 805 2282 quod
824 2196 999 2262 adventum
1017 2195 1204 2262 antichristi

181 2283 269 2348 circa
291 2305 351 2348 sua
372 2288 522 2369 tempora
543 2284 688 2352 futurum
707 2306 778 2352 esse
801 2284 932 2372 dixerit3
955 2285 1013 2352 sed
1033 2283 1096 2350 hoc
1119 2285 1204 2370 ideo,

182 2370 260 2456 quia
273 2373 466 2458 magnitudo
479 2375 742 2458 persecutionum
752 2377 957 2458 praesentem
971 2373 1084 2440 mundi
1098 2374 1204 2442 mina·

112 2489 163 2552 ,ρο
181 2461 278 2525 betur
300 2481 460 2527 occasum.

581 2573 663 2664 Gap.
690 2571 803 2643 LIII.

272 2709 490 2776 Tertullianus
517 2709 686 2794 presbyter
713 2730 801 2775 nunc
824 2707 953 2776 demum
975 2711 1099 2795 primus
1127 2715 1205 2796 post

182 2799 351 2866 Victorem
365 2803 398 2864 et
416 2797 627 2884 Apollonium
645 2795 838 2866 Latinorum
856 2800 999 2884 ponitur,
1016 2799 1205 2885 provinciae

182 2889 325 2974 Africae,
343 2887 485 2954 civitatis
500 2883 790 2974 Carthaginiensis,
809 2891 901 2974 patre
922 2888 1110 2956 centurione
1128 2912 1204 2974 pro

129 3002 164 3052 ab
184 2978 356 3042 consulari.
392 2975 457 3042 Hic
474 2976 558 3042 acris
582 2979 616 3042 et
634 2977 834 3046 vehementis
857 2977 983 3064 ingenii
1006 2977 1067 3042 sub
1083 2975 1203 3044 Severo

184 3065 330 3151 principe
353 3071 386 3130 et
407 3064 578 3132 Antonino
601 3063 771 3134 Caracalla
793 3068 933 3133 maxime
955 3065 1065 3134 floruit
1086 3068 1204 3133 multa·

185 3176 246 3242 que
270 3154 400 3238 scripsit
423 3153 600 3237 volumina,
624 3175 723 3239 qnae,
746 3156 822 3239 quia
844 3159 923 3220 note
946 3159 1023 3219 sumt
1045 3155 1204 3240 pluribus,

184 3242 479 3330 praetermittimus.
505 3240 582 3306 Vidi
600 3261 661 3326 ego
676 3241 838 3324 quendam
851 3241 988 3308 Paulum
1002 3240 1203 3310 Concordiae

258 3391 289 3440 11
309 3384 345 3441 al.
364 3381 483 3439 addunt:
501 3379 629 3452 principe
