2522 3802
499 127 535 137 ..
584 93 628 156 49
677 129 715 140 ..

462 233 545 327 cap.
572 234 757 309 LXXVI.

190 369 324 455 Pierius,
339 370 577 440 Alexandrinae
591 373 746 440 ecclesiae
759 375 940 459 presbyter,
955 377 1015 441 sub
1030 373 1113 442 Caro

101 457 353 527 etDiocletiano
375 459 578 546 principibus
600 467 748 548 tempore
771 484 836 547 quo
859 464 994 529 eandem
1017 465 1114 532 accle-

100 549 184 613 siam
198 545 340 614 Thomas
364 549 533 633 episcopus
551 549 703 635 regebat,
725 550 954 617 florentissime
976 553 1114 636 populos

101 637 211 702 docuit
238 640 271 701 et
298 637 333 702 iu
360 639 486 703 tantam
517 639 675 704 sermonis
703 638 968 723 diversorumque
995 643 1150 710 tracta-o

99 728 209 810 tunm,
237 724 293 809 qui
315 745 418 810 usque
440 725 536 792 hodie
560 731 705 812 exstant,
727 727 818 793 venit
840 727 1051 813 elegantiam,
1078 735 1115 795 ut

101 811 258 898 Origenes
281 811 389 878 iunior
410 819 587 880 vocaretur.
624 813 773 900 Constat,
789 816 876 882 hunc
894 815 995 881 muas
1014 810 1115 900 ἀσκή-

100 917 185 979 σεως
212 905 245 966 et
273 901 490 986 appetitorem
512 903 715 969 voluntariae
741 904 946 989 paupertatis
970 905 1115 970 scientis·

101 991 281 1075 simumque
309 989 495 1056 dialecticae
523 991 604 1058 artis
635 997 711 1076 post
737 993 996 1077 persecutionem
1019 1015 1115 1059 omne

100 1080 186 1145 vitae
210 1099 288 1144 suae
309 1082 437 1163 tempus
460 1077 583 1145 Romae
605 1079 705 1146 luisse
726 1085 900 1148 versatum.
935 1080 1041 1147 Huius
1065 1087 1116 1148 est
1135 1097 1169 1147 10

102 1167 315 1254 longissimus
347 1170 506 1233 tractatus
539 1167 595 1233 ‘de
624 1169 787 1254 propheta
813 1167 920 1254 Osee',
953 1192 1048 1255 quem
1080 1171 1114 1234 in

101 1255 272 1343 pervigilio
294 1255 434 1342 paschae
457 1255 606 1323 habitum
627 1259 698 1343 ipse
722 1279 828 1324 sermo
851 1257 1062 1324 demonstrat.

450 1437 533 1529 cap.
561 1436 769 1510 IxxIII.

190 1573 364 1658 Lucienus,
386 1574 436 1640 vir
453 1574 695 1660 disertissimus,
717 1573 938 1642 Antiochense
961 1575 1115 1640 ecclesiae

98 1664 283 1750 presbyter,
314 1665 443 1728 tantum
474 1663 511 1728 in
544 1663 778 1748 scripturarum
807 1663 915 1728 studio
943 1663 1115 1748 laboravit,
1135 1679 1168 1728 15

99 1757 136 1818 ut
159 1773 263 1836 usque
286 1772 373 1816 nunc
396 1750 556 1836 quaedam
580 1753 778 1838 exemplaria
802 1753 1035 1836 scripturarum
1053 1750 1115 1818 Lu·

99 1841 185 1906 ciani
214 1840 365 1925 martyris
393 1843 628 1925 nuncupentur.
677 1839 840 1907 Feruntur
867 1841 935 1906 eius
959 1839 1014 1906 ‘de
1036 1841 1115 1906 fide’

100 1927 204 1994 libelli
231 1933 265 1994 et
292 1929 406 1993 breves
435 1927 477 1993 ad
503 1929 677 1994 nonnullos
705 1929 871 2013 epistulae.
915 1928 1035 1994 Passus
1067 1935 1117 1995 est

99 2017 310 2084 Nicomediae
338 2017 380 2082 ob
403 2016 640 2083 confessionem
663 2014 787 2082 Christi
810 2016 870 2082 sub
892 2017 1115 2101 persecutione

99 2105 272 2172 Maximini
295 2105 506 2192 sepultusque
528 2101 724 2189 Helenopoli
746 2103 932 2188 Bithyniae.
1135 2119 1169 2169 20

435 2285 518 2378 cap.
545 2283 777 2358 LXXVIII.

190 2423 323 2490 Phileas
347 2424 391 2504 ⁸de
418 2424 498 2489 urbe
520 2423 677 2510 Aegypti,
707 2443 788 2510 quae
816 2425 951 2489 vocatur
972 2421 1116 2501 Thmuis,

102 2513 207 2578 nobili
234 2532 352 2598 genere
380 2515 413 2576 et
439 2533 506 2578 nou
529 2513 639 2597 parvis
663 2513 793 2597 opibus,
821 2514 971 2596 suscepto
994 2511 1115 2595 episco-

100 2607 190 2686 patu,
209 2601 488 2686 elegantissimum
508 2600 627 2666 librum
642 2599 693 2666 ‘de
707 2604 889 2683 martyrum
902 2598 1011 2664 laudc’
1030 2621 1115 2664 com-

99 2691 212 2776 posuit
240 2694 273 2756 et
300 2689 520 2774 disputatione
548 2693 695 2756 actorum
720 2688 836 2753 habita
858 2687 1011 2788 adversus
1033 2685 1114 2786 iudi·
1133 2699 1167 2750 25

100 2801 271 2932 trist
289 2774 1116 2953 aaIuleaealteritates&

99 2955 262 3022 Lucienus
284 2953 501 3020 Nicomediae.

172 3136 188 3185 3
208 3129 318 3186 Bamb.:
339 3128 438 3185 eodem
456 3132 596 3200 tempores
616 3129 713 3183 Bem:
733 3143 767 3182 ec
784 3129 911 3196 tempora
1000 3125 1115 3179 evat:

100 3203 167 3272 poet
183 3200 409 3270 persecutionem
422 3217 490 3256 vero
529 3197 917 3269 11Bamb.:inprophetau1
956 3201 988 3251 Ia
1003 3193 1114 3276 llambs

101 3271 257 3344 pervilagio
331 3277 365 3325 14
382 3271 496 3326 Baraba
514 3269 698 3326 Nicomediae
771 3274 804 3323 2³
824 3267 934 3322 Remo:
954 3263 1058 3320 nobilis

100 3349 136 3398 25
154 3341 266 3398 samu:
285 3345 431 3397 auctorum

153 3441 271 3493 Herding,
286 3441 448 3489 Hieronymus.
885 3427 902 3474 4
