2512 3794
205 1226 269 1293 Hic
291 1228 421 1294 libellus
444 1231 482 1292 ui
504 1227 652 1294 ederetur
675 1227 741 1294 iem
763 1225 798 1294 in
820 1247 859 1294 eo
881 1225 958 1314 fuit,
985 1247 1058 1298 oum
1082 1227 1134 1298 lii·

113 1315 194 1380 toris
217 1315 298 1380 mibi
321 1317 428 1384 allatis
456 1315 590 1382 edoctus
619 1335 691 1384 sum
723 1316 810 1384 incer
838 1335 892 1382 eoa
920 1315 1047 1386 codices
1074 1317 1133 1388 ba·

113 1403 203 1468 binos
226 1423 325 1468 manu
347 1405 501 1489 scriptos,
529 1403 586 1488 qui
608 1403 643 1470 iu
665 1423 786 1492 magno
809 1402 912 1472 iudice
941 1401 1133 1474 Pariaieuais

112 1491 331 1558 bibliothecae
358 1493 508 1578 publicae
535 1513 620 1560 anno
652 1493 738 1560 1744
765 1491 853 1578 iypis
881 1511 1034 1578 expresso
1067 1515 1133 1562 uou

114 1579 299 1665 legerentur
330 1581 470 1664 recensi,
503 1580 760 1657 vetustissimum
796 1578 940 1648 codicem
973 1581 1132 1668 quendam

114 1669 377 1824 ‘sigali-{mhi
399 1669 635 1826 'eded‘dimoefle'
668 1669 724 1772 qui
757 1668 967 1824 indocialogti
997 1671 1132 1826 retineris

227 1780 451 1916 eriseri‘iineff
469 1843 576 1913 12161
602 1779 729 1914 iiiii
745 1779 799 1912 'ii'
815 1777 1015 1916 ἕῗίἒῖὓῗῖἶ
1031 1781 1133 1918 ‘irio

246 1933 434 2002 Gennadius
457 1958 513 2002 sur
530 1936 577 2002 les
601 1935 749 2002 hommes
767 1935 919 2002 illustres.
952 1933 1133 2006 Mauuacrii

246 2024 456 2109 palimpsesto
466 2022 698 2096 duvnsiecle.
714 2022 980 2110 [Dal'abbayede
991 2023 1131 2110 Corbio]

114 2111 211 2180 Haud
229 2116 400 2180 cunctatus
423 2113 513 2180 illico
536 2135 594 2197 per
616 2111 745 2178 litteras
769 2133 808 2178 ax
831 2111 1013 2198 bibliopola
1036 2135 1131 2200 quae·

114 2203 189 2286 sivi,
227 2222 306 2268 num
338 2201 422 2266 libro
454 2201 588 2268 ianiiam
619 2201 709 2286 typis
741 2221 893 2286 expresso
926 2199 1131 2272 collationem

112 2290 207 2358 huius
240 2289 361 2357 codicis
387 2289 568 2359 faciendam
601 2287 788 2374 appendicis
820 2289 893 2358 loco
922 2289 1130 2360 adiuncturus

113 2384 213 2464 ossei,
236 2379 269 2444 id
293 2378 380 2465 quod
403 2377 459 2444 ille
482 2377 615 2444 minime
639 2377 839 2445 detrectavit.

198 2467 277 2534 lllae
308 2470 416 2532 audem
447 2467 591 2550 litterae,
624 2466 742 2552 quibus
775 2466 814 2534 de
844 2465 954 2536 codice
984 2463 1041 2532 illo
1070 2463 1129 2532 Ιί-

109 2557 238 2622 rieiensi
268 2557 386 2622 certior
417 2577 490 2621 sum
519 2555 641 2640 sacius,
676 2556 717 2620 ab
748 2554 922 2623 Aumuno
955 2549 1130 2640 Senoabis,

110 2645 292 2731 professore
311 2644 514 2728 doctissimo,
537 2643 578 2708 ad
591 2665 643 2710 me
660 2643 756 2710 dabae
775 2648 882 2730 erant,
905 2643 961 2730 qui
974 2641 1037 2709 boc
1050 2647 1129 2710 iem·

110 2755 187 2818 pore
218 2734 368 2800 Lutetiae
398 2733 601 2800 Parisiorum
638 2753 844 2800 commorans
877 2729 1025 2820 quamuis
1060 2731 1131 2818 ipae

110 2823 292 2888 litterarum
315 2820 583 2906 occupationibus
606 2820 767 2890 manus
794 2820 901 2908 magis
929 2841 989 2888 soa
1011 2823 1128 2906 apouic

109 2931 206 2996 quam
232 2933 305 2978 meo
333 2915 466 2996 rogoin,
498 2909 618 2997 quippe
651 2909 707 2998 qui
734 2909 822 2978 haud
849 2931 947 2976 auaui
977 2907 1039 2976 aim
1062 2907 1130 2976 bale

108 3000 287 3086 quidquam
308 3000 412 3067 abeo
436 3003 559 3084 peiere,
586 2997 797 3068 collationem
824 2997 945 3067 codicis
977 2997 1064 3067 illius
1088 2995 1129 3066 ad

109 3089 282 3173 legendum
315 3088 572 3173 perdifficillimi,
613 3087 670 3174 qui
704 3087 833 3174 quidem
867 3085 1060 3172 Hieronymi
1091 3085 1128 3154 li·

109 3177 230 3243 bellum
253 3178 435 3262 contiueat,
456 3175 631 3244 ineundam
654 3177 798 3264 mocepii
821 3181 854 3244 ei
876 3175 1014 3264 peregit.

195 3265 295 3332 Cuius
329 3267 393 3331 viri
429 3265 610 3333 doctissimi
646 3265 890 3351 benevolentia,
930 3285 1030 3352 quam
1060 3283 1129 3332 nou

109 3355 204 3438 pauci
230 3355 396 3422 auditores
423 3357 493 3422 eiua
520 3377 582 3420 nau
608 3353 733 3422 babenb
754 3355 938 3442 cognitam,
965 3374 1039 3420 oum
1062 3351 1127 3420 iam

159 3469 481 3524 mazenheim-u
895 3473 914 3514 a
