<?xml version="1.0" encoding="UTF-8"?>
<!DOCTYPE html PUBLIC "-//W3C//DTD XHTML 1.0 Transitional//EN"
    "http://www.w3.org/TR/xhtml1/DTD/xhtml1-transitional.dtd">
<html xmlns="http://www.w3.org/1999/xhtml" xml:lang="en" lang="en">
 <head>
  <title>
</title>
<meta http-equiv="Content-Type" content="text/html;charset=utf-8" />
  <meta name='ocr-system' content='tesseract 3.04.00' />
  <meta name='ocr-capabilities' content='ocr_page ocr_carea ocr_par ocr_line ocrx_word'/>
</head>
<body>
  <div class='ocr_page' id='page_1' title='image "./heironymideviri01jerogoog_0149.png"; bbox 0 0 2522 3802; ppageno 0'>
   <div class='ocr_carea' id='block_1_1' title="bbox 514 137 756 202">
    <p class='ocr_par' dir='ltr' id='par_1_1' title="bbox 514 137 756 202">
     <span class='ocr_line' id='line_1_1' title="bbox 514 137 756 202; baseline -0.008 -17"><span class='ocrx_word' id='word_1_1' title='bbox 514 137 756 202; x_wconf 69' lang='lat'>..100-</span> 
     </span>
    </p>
   </div>
   <div class='ocr_carea' id='block_1_2' title="bbox 78 267 1246 1164">
    <p class='ocr_par' dir='ltr' id='par_1_2' title="bbox 78 267 1246 1164">
     <span class='ocr_line' id='line_1_2' title="bbox 126 267 1246 361; baseline -0.008 -13"><span class='ocrx_word' id='word_1_2' title='bbox 126 283 226 348; x_wconf 89' lang='lat' dir='ltr'><strong>etiam</strong></span> <span class='ocrx_word' id='word_1_3' title='bbox 255 279 501 347; x_wconf 76' lang='lat' dir='ltr'><strong>rusticationem</strong></span> <span class='ocrx_word' id='word_1_4' title='bbox 531 281 644 345; x_wconf 79' lang='lat' dir='ltr'><strong>contra</strong></span> <span class='ocrx_word' id='word_1_5' title='bbox 672 277 757 344; x_wconf 79' lang='lat' dir='ltr'><strong>vires</strong></span> <span class='ocrx_word' id='word_1_6' title='bbox 780 298 874 361; x_wconf 88' lang='lat' dir='ltr'><strong>suas,</strong></span> <span class='ocrx_word' id='word_1_7' title='bbox 896 276 997 342; x_wconf 91' lang='lat' dir='ltr'><strong>homo</strong></span> <span class='ocrx_word' id='word_1_8' title='bbox 1028 295 1150 360; x_wconf 90' lang='lat' dir='ltr'><strong>genere</strong></span> <span class='ocrx_word' id='word_1_9' title='bbox 1245 267 1246 292; x_wconf 63' lang='lat'>¹</span> 
     </span>
     <span class='ocr_line' id='line_1_3' title="bbox 127 363 1149 456; baseline -0.008 -20"><span class='ocrx_word' id='word_1_10' title='bbox 127 371 234 436; x_wconf 90' lang='lat' dir='ltr'><strong>clarus</strong></span> <span class='ocrx_word' id='word_1_11' title='bbox 261 373 295 434; x_wconf 90' lang='lat' dir='ltr'><strong>et</strong></span> <span class='ocrx_word' id='word_1_12' title='bbox 322 369 426 456; x_wconf 83' lang='lat' dir='ltr'><strong>longe·</strong></span> <span class='ocrx_word' id='word_1_13' title='bbox 454 369 549 434; x_wconf 86' lang='lat' dir='ltr'><strong>aliter</strong></span> <span class='ocrx_word' id='word_1_14' title='bbox 572 368 735 451; x_wconf 84' lang='lat' dir='ltr'><strong>educatus,</strong></span> <span class='ocrx_word' id='word_1_15' title='bbox 758 367 915 450; x_wconf 82' lang='lat' dir='ltr'><strong>exercuit,</strong></span> <span class='ocrx_word' id='word_1_16' title='bbox 942 363 998 429; x_wconf 91' lang='lat' dir='ltr'><strong>sed</strong></span> <span class='ocrx_word' id='word_1_17' title='bbox 1024 385 1087 429; x_wconf 89' lang='lat' dir='ltr'><strong>nec</strong></span> <span class='ocrx_word' id='word_1_18' title='bbox 1111 364 1149 428; x_wconf 91' lang='lat' dir='ltr'><strong>in</strong></span> 
     </span>
     <span class='ocr_line' id='line_1_4' title="bbox 127 452 1246 544; baseline -0.007 -20"><span class='ocrx_word' id='word_1_19' title='bbox 127 457 329 543; x_wconf 72' lang='lat' dir='ltr'><strong>spiritalibus</strong></span> <span class='ocrx_word' id='word_1_20' title='bbox 352 457 507 544; x_wconf 84' lang='lat' dir='ltr'><strong>neglexit</strong></span> <span class='ocrx_word' id='word_1_21' title='bbox 542 454 630 522; x_wconf 87' lang='lat' dir='ltr'><strong>Nam</strong></span> <span class='ocrx_word' id='word_1_22' title='bbox 648 459 682 521; x_wconf 94' lang='lat' dir='ltr'><strong>et</strong></span> <span class='ocrx_word' id='word_1_23' title='bbox 703 456 739 520; x_wconf 93' lang='lat' dir='ltr'><strong>in</strong></span> <span class='ocrx_word' id='word_1_24' title='bbox 757 454 903 521; x_wconf 88' lang='lat' dir='ltr'><strong>docendo</strong></span> <span class='ocrx_word' id='word_1_25' title='bbox 926 453 1068 539; x_wconf 79' lang='lat' dir='ltr'><strong>gratiam</strong></span> <span class='ocrx_word' id='word_1_26' title='bbox 1090 452 1150 518; x_wconf 86' lang='lat' dir='ltr'><strong>ha-</strong></span> <span class='ocrx_word' id='word_1_27' title='bbox 1245 527 1246 530; x_wconf 8' lang='grc' dir='ltr'><strong>Ἴ</strong></span> 
     </span>
     <span class='ocr_line' id='line_1_5' title="bbox 128 541 1246 633; baseline -0.007 -20"><span class='ocrx_word' id='word_1_28' title='bbox 128 547 200 613; x_wconf 93' lang='lat' dir='ltr'><strong>buit</strong></span> <span class='ocrx_word' id='word_1_29' title='bbox 222 551 255 612; x_wconf 91' lang='lat' dir='ltr'><strong>et</strong></span> <span class='ocrx_word' id='word_1_30' title='bbox 278 548 401 633; x_wconf 90' lang='lat' dir='ltr'><strong>absque</strong></span> <span class='ocrx_word' id='word_1_31' title='bbox 428 565 641 632; x_wconf 87' lang='lat' dir='ltr'><strong>personarum</strong></span> <span class='ocrx_word' id='word_1_32' title='bbox 664 543 851 629; x_wconf 85' lang='lat' dir='ltr'><strong>acceptione</strong></span> <span class='ocrx_word' id='word_1_33' title='bbox 874 541 1026 609; x_wconf 89' lang='lat' dir='ltr'><strong>omnibus</strong></span> <span class='ocrx_word' id='word_1_34' title='bbox 1049 542 1149 606; x_wconf 87' lang='lat' dir='ltr'><strong>casti-</strong></span> <span class='ocrx_word' id='word_1_35' title='bbox 1245 557 1246 568; x_wconf 60' lang='lat'>¹</span> 
     </span>
     <span class='ocr_line' id='line_1_6' title="bbox 93 631 1148 722; baseline -0.005 -20"><span class='ocrx_word' id='word_1_36' title='bbox 93 639 242 722; x_wconf 80' lang='lat' dir='ltr'><strong>egatum</strong></span> <span class='ocrx_word' id='word_1_37' title='bbox 265 659 346 721; x_wconf 92' lang='lat' dir='ltr'><strong>opus</strong></span> <span class='ocrx_word' id='word_1_38' title='bbox 369 634 619 720; x_wconf 75' lang='lat' dir='ltr'><strong>praedicationis</strong></span> <span class='ocrx_word' id='word_1_39' title='bbox 643 633 790 718; x_wconf 79' lang='lat' dir='ltr'><strong>ingessit</strong></span> <span class='ocrx_word' id='word_1_40' title='bbox 826 631 964 719; x_wconf 88' lang='lat' dir='ltr'><strong>Ingenio</strong></span> <span class='ocrx_word' id='word_1_41' title='bbox 988 653 1065 698; x_wconf 83' lang='lat' dir='ltr'><strong>vero</strong></span> <span class='ocrx_word' id='word_1_42' title='bbox 1088 632 1148 697; x_wconf 93' lang='lat' dir='ltr'><strong>im-</strong></span> 
     </span>
     <span class='ocr_line' id='line_1_7' title="bbox 127 721 1149 809; baseline -0.005 -19"><span class='ocrx_word' id='word_1_43' title='bbox 127 725 258 791; x_wconf 79' lang='lat' dir='ltr'><strong>mortali</strong></span> <span class='ocrx_word' id='word_1_44' title='bbox 281 725 392 809; x_wconf 90' lang='lat' dir='ltr'><strong>eliqua</strong></span> <span class='ocrx_word' id='word_1_45' title='bbox 421 727 454 789; x_wconf 91' lang='lat' dir='ltr'><strong>et</strong></span> <span class='ocrx_word' id='word_1_46' title='bbox 475 745 578 808; x_wconf 80' lang='lat' dir='ltr'><strong>parva</strong></span> <span class='ocrx_word' id='word_1_47' title='bbox 600 722 715 802; x_wconf 86' lang='lat' dir='ltr'><strong>edidit,</strong></span> <span class='ocrx_word' id='word_1_48' title='bbox 744 743 827 808; x_wconf 88' lang='lat' dir='ltr'><strong>quae</strong></span> <span class='ocrx_word' id='word_1_49' title='bbox 850 722 995 792; x_wconf 86' lang='lat' dir='ltr'><strong>eruditae</strong></span> <span class='ocrx_word' id='word_1_50' title='bbox 1018 721 1149 786; x_wconf 89' lang='lat' dir='ltr'><strong>animae</strong></span> 
     </span>
     <span class='ocr_line' id='line_1_8' title="bbox 129 809 1150 897; baseline -0.002 -19"><span class='ocrx_word' id='word_1_51' title='bbox 129 817 163 878; x_wconf 91' lang='lat' dir='ltr'><strong>et</strong></span> <span class='ocrx_word' id='word_1_52' title='bbox 185 813 289 879; x_wconf 89' lang='lat' dir='ltr'><strong>fidelis</strong></span> <span class='ocrx_word' id='word_1_53' title='bbox 312 813 444 896; x_wconf 76' lang='lat' dir='ltr'><strong>linguae</strong></span> <span class='ocrx_word' id='word_1_54' title='bbox 466 809 584 878; x_wconf 90' lang='lat' dir='ltr'><strong>indicio</strong></span> <span class='ocrx_word' id='word_1_55' title='bbox 608 814 699 896; x_wconf 90' lang='lat' dir='ltr'><strong>sunt,</strong></span> <span class='ocrx_word' id='word_1_56' title='bbox 722 810 892 897; x_wconf 88' lang='lat' dir='ltr'><strong>inquibus</strong></span> <span class='ocrx_word' id='word_1_57' title='bbox 915 809 1091 896; x_wconf 89' lang='lat' dir='ltr'><strong>praecipuo</strong></span> <span class='ocrx_word' id='word_1_58' title='bbox 1115 815 1150 876; x_wconf 88' lang='lat' dir='ltr'><strong>et</strong></span> 
     </span>
     <span class='ocr_line' id='line_1_9' title="bbox 129 899 1149 986; baseline -0.003 -19"><span class='ocrx_word' id='word_1_59' title='bbox 129 902 170 967; x_wconf 92' lang='lat' dir='ltr'><strong>ad</strong></span> <span class='ocrx_word' id='word_1_60' title='bbox 193 902 370 970; x_wconf 88' lang='lat' dir='ltr'><strong>multorum</strong></span> <span class='ocrx_word' id='word_1_61' title='bbox 392 901 567 966; x_wconf 85' lang='lat' dir='ltr'><strong>utilitatem</strong></span> <span class='ocrx_word' id='word_1_62' title='bbox 590 899 771 967; x_wconf 90' lang='lat' dir='ltr'><strong>necessario</strong></span> <span class='ocrx_word' id='word_1_63' title='bbox 796 921 892 986; x_wconf 87' lang='lat' dir='ltr'><strong>opere</strong></span> <span class='ocrx_word' id='word_1_64' title='bbox 915 899 1018 966; x_wconf 80' lang='lat' dir='ltr'><strong>vitam</strong></span> <span class='ocrx_word' id='word_1_65' title='bbox 1042 900 1149 965; x_wconf 87' lang='lat' dir='ltr'><strong>sancti</strong></span> 
     </span>
     <span class='ocr_line' id='line_1_10' title="bbox 128 985 1149 1074; baseline -0.002 -20"><span class='ocrx_word' id='word_1_66' title='bbox 128 987 304 1073; x_wconf 87' lang='lat' dir='ltr'><strong>Honorati,</strong></span> <span class='ocrx_word' id='word_1_67' title='bbox 332 989 509 1054; x_wconf 81' lang='lat' dir='ltr'><strong>decessoris</strong></span> <span class='ocrx_word' id='word_1_68' title='bbox 533 990 583 1056; x_wconf 90' lang='lat' dir='ltr'><strong>sui</strong></span> <span class='ocrx_word' id='word_1_69' title='bbox 605 988 796 1074; x_wconf 85' lang='lat' dir='ltr'><strong>composuit</strong></span> <span class='ocrx_word' id='word_1_70' title='bbox 840 987 980 1054; x_wconf 86' lang='lat' dir='ltr'><strong>Moritur</strong></span> <span class='ocrx_word' id='word_1_71' title='bbox 1001 985 1149 1055; x_wconf 89' lang='lat' dir='ltr'><strong>Valenti-</strong></span> 
     </span>
     <span class='ocr_line' id='line_1_11' title="bbox 78 1075 740 1164; baseline 0.002 -21"><span class='ocrx_word' id='word_1_72' title='bbox 78 1095 111 1146; x_wconf 89' lang='lat'><strong>10</strong></span> <span class='ocrx_word' id='word_1_73' title='bbox 130 1077 228 1143; x_wconf 88' lang='lat' dir='ltr'><strong>niano</strong></span> <span class='ocrx_word' id='word_1_74' title='bbox 253 1079 285 1146; x_wconf 87' lang='lat' dir='ltr'><strong>et</strong></span> <span class='ocrx_word' id='word_1_75' title='bbox 307 1075 471 1144; x_wconf 84' lang='lat' dir='ltr'><strong>Martiano</strong></span> <span class='ocrx_word' id='word_1_76' title='bbox 494 1078 740 1164; x_wconf 87' lang='lat' dir='ltr'><strong>imperantibus.</strong></span> 
     </span>
    </p>
   </div>
   <div class='ocr_carea' id='block_1_3' title="bbox 511 1309 770 1403">
    <p class='ocr_par' dir='ltr' id='par_1_3' title="bbox 511 1309 770 1403">
     <span class='ocr_line' id='line_1_12' title="bbox 511 1309 770 1403; baseline -0.008 -20"><span class='ocrx_word' id='word_1_77' title='bbox 511 1313 593 1403; x_wconf 79' lang='lat' dir='ltr'><strong>Cep.</strong></span> <span class='ocrx_word' id='word_1_78' title='bbox 623 1309 770 1383; x_wconf 85' lang='lat' dir='ltr'><strong><em>LXXI.</em></strong></span> 
     </span>
    </p>
   </div>
   <div class='ocr_carea' id='block_1_4' title="bbox 79 1463 1155 2703">
    <p class='ocr_par' dir='ltr' id='par_1_4' title="bbox 130 1463 1151 1730">
     <span class='ocr_line' id='line_1_13' title="bbox 219 1463 1146 1551; baseline 0.002 -21"><span class='ocrx_word' id='word_1_79' title='bbox 219 1465 299 1550; x_wconf 87' lang='lat' dir='ltr'><strong>Leo,</strong></span> <span class='ocrx_word' id='word_1_80' title='bbox 322 1463 412 1532; x_wconf 82' lang='lat' dir='ltr'><strong>urbis</strong></span> <span class='ocrx_word' id='word_1_81' title='bbox 434 1465 561 1534; x_wconf 85' lang='lat' dir='ltr'><strong>Romae</strong></span> <span class='ocrx_word' id='word_1_82' title='bbox 584 1465 765 1551; x_wconf 89' lang='lat' dir='ltr'><strong>episcopus,</strong></span> <span class='ocrx_word' id='word_1_83' title='bbox 788 1466 920 1551; x_wconf 89' lang='lat' dir='ltr'><strong>scripsit</strong></span> <span class='ocrx_word' id='word_1_84' title='bbox 943 1465 997 1532; x_wconf 79' lang='lat' dir='ltr'><strong>‘ad</strong></span> <span class='ocrx_word' id='word_1_85' title='bbox 1018 1465 1146 1532; x_wconf 81' lang='lat' dir='ltr'><strong>Flavia·</strong></span> 
     </span>
     <span class='ocr_line' id='line_1_14' title="bbox 130 1551 1151 1641; baseline 0.003 -22"><span class='ocrx_word' id='word_1_86' title='bbox 130 1553 230 1637; x_wconf 93' lang='lat' dir='ltr'><strong>num&#39;,</strong></span> <span class='ocrx_word' id='word_1_87' title='bbox 248 1551 628 1639; x_wconf 81' lang='lat' dir='ltr'><strong>Constantinopolitanae</strong></span> <span class='ocrx_word' id='word_1_88' title='bbox 651 1555 806 1622; x_wconf 86' lang='lat' dir='ltr'><strong>ecclesiae</strong></span> <span class='ocrx_word' id='word_1_89' title='bbox 824 1555 1022 1641; x_wconf 85' lang='lat' dir='ltr'><strong>episcopum,</strong></span> <span class='ocrx_word' id='word_1_90' title='bbox 1040 1555 1151 1622; x_wconf 82' lang='lat' dir='ltr'><strong>adver-</strong></span> 
     </span>
     <span class='ocr_line' id='line_1_15' title="bbox 133 1643 1149 1730; baseline 0.004 -22"><span class='ocrx_word' id='word_1_91' title='bbox 133 1665 188 1708; x_wconf 83' lang='lat' dir='ltr'><strong>sas</strong></span> <span class='ocrx_word' id='word_1_92' title='bbox 202 1643 377 1726; x_wconf 83' lang='lat' dir='ltr'><strong>Eutychen</strong></span> <span class='ocrx_word' id='word_1_93' title='bbox 398 1644 641 1728; x_wconf 83' lang='lat' dir='ltr'><strong>presbyterum,</strong></span> <span class='ocrx_word' id='word_1_94' title='bbox 659 1643 715 1730; x_wconf 90' lang='lat' dir='ltr'><strong>qui</strong></span> <span class='ocrx_word' id='word_1_95' title='bbox 733 1645 812 1710; x_wconf 91' lang='lat' dir='ltr'><strong>tunc</strong></span> <span class='ocrx_word' id='word_1_96' title='bbox 829 1644 1009 1710; x_wconf 84' lang='lat' dir='ltr'><strong>ambitione</strong></span> <span class='ocrx_word' id='word_1_97' title='bbox 1027 1644 1149 1730; x_wconf 88' lang='lat' dir='ltr'><strong>episco-</strong></span> 
     </span>
    </p>

    <p class='ocr_par' dir='ltr' id='par_1_5' title="bbox 79 1730 1152 2173">
     <span class='ocr_line' id='line_1_16' title="bbox 79 1730 1150 1818; baseline -0.002 -18"><span class='ocrx_word' id='word_1_98' title='bbox 79 1751 113 1800; x_wconf 81' lang='lat'><strong>15</strong></span> <span class='ocrx_word' id='word_1_99' title='bbox 131 1734 229 1815; x_wconf 89' lang='lat' dir='ltr'><strong>patus</strong></span> <span class='ocrx_word' id='word_1_100' title='bbox 242 1753 329 1796; x_wconf 85' lang='lat' dir='ltr'><strong>nova</strong></span> <span class='ocrx_word' id='word_1_101' title='bbox 347 1732 384 1795; x_wconf 90' lang='lat' dir='ltr'><strong>in</strong></span> <span class='ocrx_word' id='word_1_102' title='bbox 401 1730 571 1798; x_wconf 88' lang='lat' dir='ltr'><strong>ecclesiam</strong></span> <span class='ocrx_word' id='word_1_103' title='bbox 585 1731 780 1798; x_wconf 87' lang='lat' dir='ltr'><strong>moliebatur</strong></span> <span class='ocrx_word' id='word_1_104' title='bbox 792 1731 953 1818; x_wconf 87' lang='lat' dir='ltr'><strong>inducere,</strong></span> <span class='ocrx_word' id='word_1_105' title='bbox 966 1733 1150 1818; x_wconf 84' lang='lat' dir='ltr'><strong>epistulam,</strong></span> 
     </span>
     <span class='ocr_line' id='line_1_17' title="bbox 133 1818 1150 1907; baseline 0.003 -23"><span class='ocrx_word' id='word_1_106' title='bbox 133 1821 168 1884; x_wconf 88' lang='lat' dir='ltr'><strong>in</strong></span> <span class='ocrx_word' id='word_1_107' title='bbox 186 1840 250 1903; x_wconf 90' lang='lat' dir='ltr'><strong>qua</strong></span> <span class='ocrx_word' id='word_1_108' title='bbox 268 1818 422 1884; x_wconf 89' lang='lat' dir='ltr'><strong>admonet</strong></span> <span class='ocrx_word' id='word_1_109' title='bbox 441 1839 527 1904; x_wconf 90' lang='lat' dir='ltr'><strong>eum,</strong></span> <span class='ocrx_word' id='word_1_110' title='bbox 544 1822 583 1886; x_wconf 91' lang='lat' dir='ltr'><strong>ut</strong></span> <span class='ocrx_word' id='word_1_111' title='bbox 601 1820 628 1885; x_wconf 91' lang='lat' dir='ltr'><strong>si</strong></span> <span class='ocrx_word' id='word_1_112' title='bbox 646 1819 854 1887; x_wconf 87' lang='lat' dir='ltr'><strong>eonfiteretur</strong></span> <span class='ocrx_word' id='word_1_113' title='bbox 872 1842 1013 1888; x_wconf 84' lang='lat' dir='ltr'><strong>errorem</strong></span> <span class='ocrx_word' id='word_1_114' title='bbox 1032 1825 1065 1887; x_wconf 91' lang='lat' dir='ltr'><strong>et</strong></span> <span class='ocrx_word' id='word_1_115' title='bbox 1082 1822 1150 1907; x_wconf 92' lang='lat' dir='ltr'><strong>pol·</strong></span> 
     </span>
     <span class='ocr_line' id='line_1_18' title="bbox 133 1907 1151 1995; baseline 0.003 -22"><span class='ocrx_word' id='word_1_116' title='bbox 133 1907 282 1973; x_wconf 86' lang='lat' dir='ltr'><strong>liceretur</strong></span> <span class='ocrx_word' id='word_1_117' title='bbox 306 1907 580 1993; x_wconf 88' lang='lat' dir='ltr'><strong>emendationem,</strong></span> <span class='ocrx_word' id='word_1_118' title='bbox 602 1909 762 1994; x_wconf 87' lang='lat' dir='ltr'><strong>reciperet</strong></span> <span class='ocrx_word' id='word_1_119' title='bbox 784 1931 873 1994; x_wconf 85' lang='lat' dir='ltr'><strong>eum3</strong></span> <span class='ocrx_word' id='word_1_120' title='bbox 897 1911 925 1976; x_wconf 90' lang='lat' dir='ltr'><strong>si</strong></span> <span class='ocrx_word' id='word_1_121' title='bbox 948 1915 1058 1976; x_wconf 79' lang='lat' dir='ltr'><strong>autmu</strong></span> <span class='ocrx_word' id='word_1_122' title='bbox 1080 1933 1151 1995; x_wconf 89' lang='lat' dir='ltr'><strong>pcr-</strong></span> 
     </span>
     <span class='ocr_line' id='line_1_19' title="bbox 134 1996 1151 2083; baseline 0.002 -21"><span class='ocrx_word' id='word_1_123' title='bbox 134 1996 264 2062; x_wconf 87' lang='lat' dir='ltr'><strong>sisteret</strong></span> <span class='ocrx_word' id='word_1_124' title='bbox 289 1996 325 2062; x_wconf 92' lang='lat' dir='ltr'><strong>in</strong></span> <span class='ocrx_word' id='word_1_125' title='bbox 352 1997 496 2083; x_wconf 88' lang='lat' dir='ltr'><strong>incepto,</strong></span> <span class='ocrx_word' id='word_1_126' title='bbox 524 2019 597 2064; x_wconf 91' lang='lat' dir='ltr'><strong>cum</strong></span> <span class='ocrx_word' id='word_1_127' title='bbox 625 2019 686 2064; x_wconf 89' lang='lat' dir='ltr'><strong>sua</strong></span> <span class='ocrx_word' id='word_1_128' title='bbox 711 1998 817 2064; x_wconf 89' lang='lat' dir='ltr'><strong>heresi</strong></span> <span class='ocrx_word' id='word_1_129' title='bbox 839 1999 1059 2065; x_wconf 83' lang='lat' dir='ltr'><strong>damnaretur.</strong></span> <span class='ocrx_word' id='word_1_130' title='bbox 1105 1998 1151 2064; x_wconf 84' lang='lat' dir='ltr'><strong>Si·</strong></span> 
     </span>
     <span class='ocr_line' id='line_1_20' title="bbox 134 2085 1152 2173; baseline 0.002 -21"><span class='ocrx_word' id='word_1_131' title='bbox 134 2085 255 2162; x_wconf 86' lang='lat' dir='ltr'><strong>militer</strong></span> <span class='ocrx_word' id='word_1_132' title='bbox 278 2086 373 2153; x_wconf 90' lang='lat' dir='ltr'><strong>docet</strong></span> <span class='ocrx_word' id='word_1_133' title='bbox 400 2087 436 2152; x_wconf 94' lang='lat' dir='ltr'><strong>in</strong></span> <span class='ocrx_word' id='word_1_134' title='bbox 458 2089 531 2172; x_wconf 85' lang='lat' dir='ltr'><strong>ipsa</strong></span> <span class='ocrx_word' id='word_1_135' title='bbox 554 2087 693 2173; x_wconf 86' lang='lat' dir='ltr'><strong>epistula</strong></span> <span class='ocrx_word' id='word_1_136' title='bbox 716 2089 750 2152; x_wconf 90' lang='lat' dir='ltr'><strong>et</strong></span> <span class='ocrx_word' id='word_1_137' title='bbox 771 2085 889 2152; x_wconf 82' lang='lat' dir='ltr'><strong>divinis</strong></span> <span class='ocrx_word' id='word_1_138' title='bbox 913 2087 1084 2154; x_wconf 87' lang='lat' dir='ltr'><strong>confirmat</strong></span> <span class='ocrx_word' id='word_1_139' title='bbox 1105 2092 1152 2154; x_wconf 83' lang='lat' dir='ltr'><strong>te-</strong></span> 
     </span>
    </p>

    <p class='ocr_par' dir='ltr' id='par_1_6' title="bbox 80 2173 1155 2618">
     <span class='ocr_line' id='line_1_21' title="bbox 80 2173 1154 2262; baseline 0.002 -21"><span class='ocrx_word' id='word_1_140' title='bbox 80 2192 116 2242; x_wconf 76' lang='lat'><strong>20</strong></span> <span class='ocrx_word' id='word_1_141' title='bbox 136 2174 312 2259; x_wconf 89' lang='lat' dir='ltr'><strong>stimoniis,</strong></span> <span class='ocrx_word' id='word_1_142' title='bbox 339 2174 517 2243; x_wconf 91' lang='lat' dir='ltr'><strong>Dominum</strong></span> <span class='ocrx_word' id='word_1_143' title='bbox 543 2180 693 2241; x_wconf 90' lang='lat' dir='ltr'><strong>nostrum</strong></span> <span class='ocrx_word' id='word_1_144' title='bbox 719 2174 829 2242; x_wconf 89' lang='lat' dir='ltr'><strong>Iesum</strong></span> <span class='ocrx_word' id='word_1_145' title='bbox 856 2173 1036 2262; x_wconf 83' lang='lat' dir='ltr'><strong>Christum,</strong></span> <span class='ocrx_word' id='word_1_146' title='bbox 1068 2177 1154 2243; x_wconf 86' lang='lat' dir='ltr'><strong>sicut</strong></span> 
     </span>
     <span class='ocr_line' id='line_1_22' title="bbox 133 2263 1153 2348; baseline 0.006 -22"><span class='ocrx_word' id='word_1_147' title='bbox 133 2266 288 2347; x_wconf 88' lang='lat' dir='ltr'><strong>paternae</strong></span> <span class='ocrx_word' id='word_1_148' title='bbox 303 2263 487 2328; x_wconf 83' lang='lat' dir='ltr'><strong>divinitatis</strong></span> <span class='ocrx_word' id='word_1_149' title='bbox 506 2264 622 2348; x_wconf 89' lang='lat' dir='ltr'><strong>filium,</strong></span> <span class='ocrx_word' id='word_1_150' title='bbox 641 2265 688 2328; x_wconf 89' lang='lat' dir='ltr'><strong>ita</strong></span> <span class='ocrx_word' id='word_1_151' title='bbox 705 2285 817 2330; x_wconf 85' lang='lat' dir='ltr'><strong>verum</strong></span> <span class='ocrx_word' id='word_1_152' title='bbox 835 2265 998 2330; x_wconf 89' lang='lat' dir='ltr'><strong>humanae</strong></span> <span class='ocrx_word' id='word_1_153' title='bbox 1016 2269 1153 2332; x_wconf 87' lang='lat' dir='ltr'><strong>naturae</strong></span> 
     </span>
     <span class='ocr_line' id='line_1_23' title="bbox 134 2351 1153 2440; baseline 0.005 -25"><span class='ocrx_word' id='word_1_154' title='bbox 134 2372 204 2416; x_wconf 88' lang='lat' dir='ltr'><strong>esse</strong></span> <span class='ocrx_word' id='word_1_155' title='bbox 233 2351 399 2416; x_wconf 91' lang='lat' dir='ltr'><strong>homiuem</strong></span> <span class='ocrx_word' id='word_1_156' title='bbox 427 2352 634 2436; x_wconf 87' lang='lat' dir='ltr'><strong>credendum,</strong></span> <span class='ocrx_word' id='word_1_157' title='bbox 666 2352 699 2418; x_wconf 92' lang='lat' dir='ltr'><strong>id</strong></span> <span class='ocrx_word' id='word_1_158' title='bbox 730 2355 781 2418; x_wconf 89' lang='lat' dir='ltr'><strong>est</strong></span> <span class='ocrx_word' id='word_1_159' title='bbox 810 2375 849 2418; x_wconf 85' lang='lat' dir='ltr'><strong>ex</strong></span> <span class='ocrx_word' id='word_1_160' title='bbox 879 2375 975 2419; x_wconf 91' lang='lat' dir='ltr'><strong>carne</strong></span> <span class='ocrx_word' id='word_1_161' title='bbox 1003 2353 1153 2440; x_wconf 84' lang='lat' dir='ltr'><strong>Virginis</strong></span> 
     </span>
     <span class='ocr_line' id='line_1_24' title="bbox 134 2439 1153 2528; baseline 0.005 -25"><span class='ocrx_word' id='word_1_162' title='bbox 134 2460 262 2504; x_wconf 86' lang='lat' dir='ltr'><strong>carnem</strong></span> <span class='ocrx_word' id='word_1_163' title='bbox 292 2441 431 2505; x_wconf 85' lang='lat' dir='ltr'><strong>traxisse</strong></span> <span class='ocrx_word' id='word_1_164' title='bbox 464 2444 498 2506; x_wconf 90' lang='lat' dir='ltr'><strong>et</strong></span> <span class='ocrx_word' id='word_1_165' title='bbox 526 2462 593 2506; x_wconf 93' lang='lat' dir='ltr'><strong>non</strong></span> <span class='ocrx_word' id='word_1_166' title='bbox 623 2439 662 2506; x_wconf 90' lang='lat' dir='ltr'><strong>de</strong></span> <span class='ocrx_word' id='word_1_167' title='bbox 689 2441 780 2508; x_wconf 87' lang='lat' dir='ltr'><strong>caelo</strong></span> <span class='ocrx_word' id='word_1_168' title='bbox 807 2463 925 2528; x_wconf 89' lang='lat' dir='ltr'><strong>corpus</strong></span> <span class='ocrx_word' id='word_1_169' title='bbox 953 2441 1153 2528; x_wconf 80' lang='lat' dir='ltr'><strong>exhibuisse3</strong></span> 
     </span>
     <span class='ocr_line' id='line_1_25' title="bbox 134 2527 1155 2618; baseline 0.005 -26"><span class='ocrx_word' id='word_1_170' title='bbox 134 2527 217 2592; x_wconf 91' lang='lat' dir='ltr'><strong>sicut</strong></span> <span class='ocrx_word' id='word_1_171' title='bbox 240 2531 274 2593; x_wconf 92' lang='lat' dir='ltr'><strong>et</strong></span> <span class='ocrx_word' id='word_1_172' title='bbox 295 2527 460 2612; x_wconf 80' lang='lat' dir='ltr'><strong>Eutyches</strong></span> <span class='ocrx_word' id='word_1_173' title='bbox 483 2530 658 2596; x_wconf 88' lang='lat' dir='ltr'><strong>asserebat.</strong></span> <span class='ocrx_word' id='word_1_174' title='bbox 702 2527 842 2595; x_wconf 87' lang='lat' dir='ltr'><strong>Moritur</strong></span> <span class='ocrx_word' id='word_1_175' title='bbox 864 2529 972 2597; x_wconf 87' lang='lat' dir='ltr'><strong>Leone</strong></span> <span class='ocrx_word' id='word_1_176' title='bbox 995 2535 1029 2596; x_wconf 91' lang='lat' dir='ltr'><strong>et</strong></span> <span class='ocrx_word' id='word_1_177' title='bbox 1051 2531 1155 2618; x_wconf 91' lang='lat' dir='ltr'><strong>Majo-</strong></span> 
     </span>
    </p>

    <p class='ocr_par' dir='ltr' id='par_1_7' title="bbox 79 2616 512 2703">
     <span class='ocr_line' id='line_1_26' title="bbox 79 2616 512 2703; baseline -0.005 -18"><span class='ocrx_word' id='word_1_178' title='bbox 79 2634 113 2685; x_wconf 76' lang='lat'><strong>25</strong></span> <span class='ocrx_word' id='word_1_179' title='bbox 134 2616 227 2682; x_wconf 89' lang='lat' dir='ltr'><strong>riano</strong></span> <span class='ocrx_word' id='word_1_180' title='bbox 251 2616 512 2703; x_wconf 88' lang='lat' dir='ltr'><strong>imperatoribus.</strong></span> 
     </span>
    </p>
   </div>
   <div class='ocr_carea' id='block_1_5' title="bbox 503 2817 785 2911">
    <p class='ocr_par' dir='ltr' id='par_1_8' title="bbox 503 2817 785 2911">
     <span class='ocr_line' id='line_1_27' title="bbox 503 2817 785 2911; baseline -0.004 -21"><span class='ocrx_word' id='word_1_181' title='bbox 503 2819 586 2911; x_wconf 75' lang='lat' dir='ltr'><strong>Cup.</strong></span> <span class='ocrx_word' id='word_1_182' title='bbox 614 2817 785 2890; x_wconf 86' lang='lat' dir='ltr'><strong><em>LXXII.</em></strong></span> 
     </span>
    </p>
   </div>
   <div class='ocr_carea' id='block_1_6' title="bbox 135 2935 1158 3235">
    <p class='ocr_par' dir='ltr' id='par_1_9' title="bbox 135 2935 1158 3235">
     <span class='ocr_line' id='line_1_28' title="bbox 222 2935 1157 3060; baseline 0.004 -23"><span class='ocrx_word' id='word_1_183' title='bbox 222 2969 425 3058; x_wconf 88' lang='lat' dir='ltr'><strong>Mochimus,</strong></span> <span class='ocrx_word' id='word_1_184' title='bbox 447 2973 704 3060; x_wconf 87' lang='lat' dir='ltr'><strong>Mesopotamius</strong></span> <span class='ocrx_word' id='word_1_185' title='bbox 726 2974 814 3059; x_wconf 89' lang='lat' dir='ltr'><strong>apud</strong></span> <span class='ocrx_word' id='word_1_186' title='bbox 835 2935 1043 3041; x_wconf 80' lang='lat' dir='ltr'><strong>Antiochiam</strong></span> <span class='ocrx_word' id='word_1_187' title='bbox 1067 2997 1157 3060; x_wconf 93' lang='lat' dir='ltr'><strong>pres·</strong></span> 
     </span>
     <span class='ocr_line' id='line_1_29' title="bbox 135 3061 1158 3150; baseline 0.004 -23"><span class='ocrx_word' id='word_1_188' title='bbox 135 3061 243 3148; x_wconf 86' lang='lat' dir='ltr'><strong>byter,</strong></span> <span class='ocrx_word' id='word_1_189' title='bbox 275 3061 433 3127; x_wconf 73' lang='lat' dir='ltr'><strong>adversm</strong></span> <span class='ocrx_word' id='word_1_190' title='bbox 464 3061 636 3146; x_wconf 80' lang='lat' dir='ltr'><strong>Eutychen</strong></span> <span class='ocrx_word' id='word_1_191' title='bbox 672 3063 837 3150; x_wconf 89' lang='lat' dir='ltr'><strong>egregium</strong></span> <span class='ocrx_word' id='word_1_192' title='bbox 874 3063 993 3130; x_wconf 91' lang='lat' dir='ltr'><strong>librum</strong></span> <span class='ocrx_word' id='word_1_193' title='bbox 1025 3066 1060 3128; x_wconf 87' lang='lat' dir='ltr'><strong>et</strong></span> <span class='ocrx_word' id='word_1_194' title='bbox 1091 3065 1158 3131; x_wconf 88' lang='lat' dir='ltr'><strong>alia</strong></span> 
     </span>
     <span class='ocr_line' id='line_1_30' title="bbox 137 3149 793 3235; baseline -0.005 -19"><span class='ocrx_word' id='word_1_195' title='bbox 137 3151 276 3217; x_wconf 86' lang='lat' dir='ltr'><strong>scribere</strong></span> <span class='ocrx_word' id='word_1_196' title='bbox 300 3149 430 3234; x_wconf 87' lang='lat' dir='ltr'><strong>dicitur,</strong></span> <span class='ocrx_word' id='word_1_197' title='bbox 452 3169 535 3232; x_wconf 90' lang='lat' dir='ltr'><strong>quae</strong></span> <span class='ocrx_word' id='word_1_198' title='bbox 557 3150 695 3215; x_wconf 89' lang='lat' dir='ltr'><strong>necdum</strong></span> <span class='ocrx_word' id='word_1_199' title='bbox 718 3150 793 3235; x_wconf 89' lang='lat' dir='ltr'><strong>legi.</strong></span> 
     </span>
    </p>
   </div>
   <div class='ocr_carea' id='block_1_7' title="bbox 137 3315 1103 3478">
    <p class='ocr_par' dir='ltr' id='par_1_10' title="bbox 137 3315 1103 3478">
     <span class='ocr_line' id='line_1_31' title="bbox 208 3315 1103 3396; baseline 0.001 -16"><span class='ocrx_word' id='word_1_200' title='bbox 208 3332 224 3380; x_wconf 82' lang='lat' dir='ltr'><strong>b</strong></span> <span class='ocrx_word' id='word_1_201' title='bbox 243 3325 338 3381; x_wconf 88' lang='lat' dir='ltr'><strong>Bern:</strong></span> <span class='ocrx_word' id='word_1_202' title='bbox 359 3335 473 3388; x_wconf 68' lang='lat' dir='ltr'><strong>corpus,</strong></span> <span class='ocrx_word' id='word_1_203' title='bbox 491 3315 590 3370; x_wconf 87' lang='lat' dir='ltr'><strong>Bamb.</strong></span> <span class='ocrx_word' id='word_1_204' title='bbox 609 3321 640 3372; x_wconf 88' lang='lat' dir='ltr'><strong>st</strong></span> <span class='ocrx_word' id='word_1_205' title='bbox 656 3319 773 3374; x_wconf 84' lang='lat' dir='ltr'><strong>Veron:</strong></span> <span class='ocrx_word' id='word_1_206' title='bbox 792 3322 964 3391; x_wconf 85' lang='lat' dir='ltr'><strong>castigatum</strong></span> <span class='ocrx_word' id='word_1_207' title='bbox 982 3323 1103 3396; x_wconf 85' lang='lat' dir='ltr'><strong>ingessit</strong></span> 
     </span>
     <span class='ocr_line' id='line_1_32' title="bbox 137 3385 957 3478; baseline -0.004 -28"><span class='ocrx_word' id='word_1_208' title='bbox 137 3401 153 3450; x_wconf 81' lang='lat'><strong>&#39;1</strong></span> <span class='ocrx_word' id='word_1_209' title='bbox 173 3394 286 3478; x_wconf 58' lang='lat' dir='ltr'><strong>Bausta:</strong></span> <span class='ocrx_word' id='word_1_210' title='bbox 305 3389 456 3464; x_wconf 81' lang='lat' dir='ltr'><strong>praecipue</strong></span> <span class='ocrx_word' id='word_1_211' title='bbox 527 3391 561 3439; x_wconf 76' lang='lat'><strong>2⁷</strong></span> <span class='ocrx_word' id='word_1_212' title='bbox 581 3385 694 3440; x_wconf 82' lang='lat' dir='ltr'><strong>Bamb.:</strong></span> <span class='ocrx_word' id='word_1_213' title='bbox 713 3387 957 3458; x_wconf 81' lang='lat' dir='ltr'><strong>Mesopotamenos</strong></span> 
     </span>
    </p>
   </div>
   <div class='ocr_carea' id='block_1_8' title="bbox 0 0 1267 3802">
    <p class='ocr_par' dir='ltr' id='par_1_11' title="bbox 0 0 1267 3802">
     <span class='ocr_line' id='line_1_33' title="bbox 0 0 1267 3802; baseline 0 0"><span class='ocrx_word' id='word_1_214' title='bbox 0 0 1267 3802; x_wconf 95' lang='lat' dir='ltr'><strong> </strong></span> 
     </span>
    </p>
   </div>
  </div>
 </body>
</html>
