2522 3802
515 139 553 150 -
604 104 754 170 soe-

129 241 316 326 Geuserieo,
339 241 563 310 Vandalornm
589 265 667 330 rege
689 245 820 310 factem
866 244 947 330 Legi
969 248 1003 310 eu
1025 245 1150 311 librum
1236 293 1237 320 i

128 331 282 396 adversm
310 333 467 415 opuscula
497 332 557 398 sub
585 354 725 417 persona
748 331 912 417 Cassiani,
939 354 1023 417 quae
1047 335 1150 400 eecle-
1236 329 1237 412 l

128 420 177 484 sia
191 418 253 484 Dei
276 419 434 486 salutaria
451 422 577 506 probat,
597 422 652 486 ille
670 421 810 504 infamat
826 423 953 487 nociva.
988 421 1037 487 Re
1058 423 1150 488 enim
1236 419 1237 436 ¹

130 529 208 574 vera
230 507 380 574 Cassiani
403 513 437 574 et
459 509 611 594 Prosperi
634 509 674 575 de
698 511 804 596 gratia
826 508 888 574 Dei
912 513 945 574 et
966 509 1070 576 libero
1095 533 1148 578 ar·
1236 509 1237 514 ’

70 617 109 666 se
129 596 229 662 bitrio
253 598 433 664 sententiae
455 599 491 663 in
510 598 672 684 aliquibus
696 599 759 664 sibi
777 599 959 665 contrarias
976 599 1149 666 inveniun-

127 689 190 750 tur.
223 683 393 770 Epistulae
407 707 535 771 quoque
549 707 654 770 papae
667 686 787 752 Leonis
801 687 957 752 adversm
970 685 1149 772 Eutychen

128 773 167 838 de
190 795 267 838 vera
290 771 412 840 Christi
440 775 664 842 incarnatione
693 775 734 841 ad
758 775 902 841 diversos
925 776 1022 841 datae
1045 781 1079 842 et
1102 777 1146 842 ab
1236 817 1237 832 κ

126 862 200 945 ipso
224 863 365 928 dictatae
389 863 551 978 dicuntur.

468 1026 551 1117 Cap.
578 1025 804 1135 LXXXVI.

75 1181 108 1231 10
215 1160 370 1246 Faustus,
399 1184 439 1227 ex
466 1163 586 1229 abbate
615 1163 798 1229 Lerinensis
831 1163 1022 1228 monasterii
1055 1165 1143 1249 apud

126 1249 265 1336 Regium
298 1249 423 1318 Galliae
456 1253 642 1338 episcopus,
674 1252 724 1317 vir
756 1253 790 1318 in
821 1251 938 1317 divinis
971 1252 1143 1338 scripturis

129 1341 209 1405 satis
227 1340 381 1424 intentus,
396 1362 435 1406 ex
448 1339 623 1407 traditione
643 1339 786 1426 symboli
805 1341 989 1406 occassione
1008 1345 1143 1426 accepta

128 1429 311 1513 composuit
332 1429 452 1494 librum
475 1428 526 1494 ‘de
550 1430 667 1514 spiritu
691 1427 826 1512 senoto'‚
853 1429 888 1494 in
912 1449 976 1513 quo
1000 1431 1146 1496 ostendit

128 1539 202 1582 eum
229 1517 320 1582 iuxta
347 1517 443 1582 fidem
470 1521 602 1603 patrum
631 1521 665 1582 et
692 1517 1003 1584 consubstantialem
1030 1522 1064 1582 et
1092 1540 1146 1584 co-

75 1623 108 1672 15
128 1607 324 1672 aeternalem
348 1628 418 1672 esse
441 1605 533 1672 Patri
556 1611 589 1672 et
610 1605 696 1673 Filio
720 1627 758 1672 ac
780 1605 1014 1690 plenitudinem
1037 1606 1146 1672 Trini-

126 1695 205 1760 t‘atis
235 1693 444 1759 obtinentem.
489 1694 602 1760 Edidit
634 1716 760 1778 quoque
793 1715 875 1778 opus
909 1695 1077 1781 egregium
1105 1696 1145 1762 de

128 1782 235 1868 gratia
256 1781 332 1865 Dei,
351 1803 416 1866 qua
439 1783 616 1866 salvamur3
638 1783 674 1848 iu
691 1803 755 1867 quo
775 1803 871 1866 opere
890 1783 984 1850 docet
1003 1785 1144 1870 gratiam

126 1869 188 1935 Dei
211 1891 338 1955 semper
361 1874 394 1935 et
416 1871 553 1936 invitare
583 1877 616 1936 et
643 1871 833 1954 praecedere
857 1875 891 1936 et
913 1871 1066 1940 adiuvare
1088 1895 1144 1938 vo·

126 1959 287 2025 luntatem
309 1963 472 2040 nostram,
505 1963 539 2026 et
570 1959 723 2046 quicquid
755 1961 827 2044 ipsa
856 1961 990 2026 libertas
1018 1961 1145 2026 arbitrii

73 2063 108 2114 ao
127 2069 186 2132 pro
205 2049 316 2115 labore
334 2049 388 2134 pio
408 2049 564 2116 mercedis
583 2049 782 2134 acquisierit,
800 2071 866 2114 non
885 2069 955 2114 esse
974 2051 1144 2134 proprium

125 2138 296 2223 meritum,
320 2137 376 2203 sed
400 2139 526 2224 gratiae
549 2138 680 2204 donum,
720 2136 801 2225 Legi
825 2137 895 2202 eius
919 2140 952 2202 et
975 2136 1144 2205 ‘adversus

126 2224 266 2290 Amanos
297 2229 330 2290 et
357 2225 621 2292 Macedonianos'
654 2248 790 2310 parvum
822 2226 982 2308 libellum,
1014 2227 1050 2292 in
1078 2249 1143 2313 quo

126 2313 372 2378 coessentialem
396 2315 560 2398 praedicat
582 2314 791 2394 Trinitatem,
816 2319 848 2379 et
871 2313 970 2380 alium
990 2315 1144 2382 adversus

126 2421 197 2486 eos,
220 2401 276 2485 qui
300 2400 412 2466 dicunt
434 2424 505 2468 esse
528 2402 564 2466 in
587 2403 743 2468 creaturis
763 2403 886 2490 aliquid
906 2403 1142 2488 incorporeum,

73 2505 107 2555 ae
126 2489 160 2554 in
183 2511 246 2574 quo
272 2493 306 2554 et
328 2489 446 2554 divinis
465 2491 662 2560 testimoniis
682 2495 716 2556 et
728 2491 863 2558 Petrum
882 2493 1053 2559 confirmat
1071 2515 1141 2558 sen·

126 2578 238 2645 tentiis
266 2576 351 2642 nihil
383 2577 577 2646 credendum
609 2581 837 2664 incorporeum
869 2584 998 2665 praeter
1028 2580 1142 2647 Deum.

125 2666 189 2733 Est
217 2672 249 2734 et
277 2667 346 2732 eius
376 2667 516 2751 epistula
541 2669 577 2733 in
605 2667 737 2734 modum
764 2669 867 2734 libelli
895 2670 936 2734 ad
967 2670 1140 2736 diaconum

127 2757 288 2843 quendam
318 2754 477 2822 Graecum
502 2757 634 2822 nomine
658 2757 758 2842 edita,
781 2759 836 2843 qui
859 2757 959 2823 afide
983 2759 1144 2825 catholiea

127 2845 295 2910 discedens
324 2845 364 2910 ad
387 2841 618 2914 Nestorianam
647 2846 729 2912 abiit
756 2847 968 2932 impietatem.
1013 2847 1054 2912 In
1078 2869 1143 2933 qua

74 2947 109 2998 ao
128 2933 267 3016 epistula
290 2933 443 2998 admonet
466 2955 540 3000 eum
564 2935 693 3001 credere
712 2940 858 3002 sanctam
878 2935 1015 3001 Mariam
1034 2935 1142 3022 Virgi-

199 3078 215 3126 2
234 3071 345 3128 Bamb.=
362 3089 511 3142 suppresso
524 3075 637 3130 nomine
684 3081 700 3130 3
719 3073 801 3130 Bern.
817 3076 847 3130 et
859 3073 1003 3130 uosmet
1020 3091 1113 3131 nocua

128 3148 145 3197 8
164 3142 278 3198 Bamb.:
297 3143 334 3198 ab
346 3143 408 3198 isto
427 3143 520 3198 dietae
539 3145 708 3210 eondnntnr3
731 3143 826 3199 Rern:
846 3145 882 3200 ab
900 3145 911 3200 i
932 3161 963 3200 so
982 3146 1107 3202 dictante

130 3217 163 3267 12
182 3212 279 3269 Bamb.
299 3211 460 3268 stilorum:
485 3216 565 3268 extra
582 3213 764 3269 traditionem
856 3223 888 3269 16
908 3163 1020 3272 damu:
1045 3217 1089 3270 Ob
1111 3218 1141 3273 id

127 3283 214 3338 etiam
233 3284 324 3340 edidit
396 3289 429 3338 18
448 3281 542 3338 Bura:
557 3283 666 3350 videm
685 3284 797 3338 Bemb.=
810 3284 908 3342 iurare
980 3292 1015 3341 20
1029 3287 1141 3343 Bamb.:

125 3353 181 3422 pii3
199 3355 340 3411 Norimb.:
359 3355 423 3425 piae
502 3357 536 3407 28
555 3351 666 3407 Bamb.=
685 3367 787 3421 graeco
805 3355 932 3421 nomins;
952 3357 1002 3412 el:
1022 3357 1141 3414 Gratum
