2512 3794
526 111 741 176 „20-

125 251 283 334 abutitur,
308 255 341 315 et
358 250 492 318 omnino
511 251 644 338 granffis
667 253 704 318 in
720 256 858 338 ubsque
877 251 1057 318 similitudo
1081 257 1142 320 est.
1241 263 1242 352 l

125 339 242 406 Fertur
259 343 293 403 et
311 339 452 404 secunda
469 361 511 406 ex
529 341 598 406 eius
621 341 753 408 nomina
767 339 921 425 epistula,
940 362 1024 424 quae
1046 363 1068 406 a
1090 363 1143 407 ve·

123 427 248 494 teribus
281 427 488 513 reprobatur,
521 431 555 494 et
586 428 763 512 disputatio
794 427 885 494 Petri
916 432 950 494 et
980 429 1144 514 Appionis

125 517 224 602 longo
252 536 401 584 sermone
429 517 628 601 conscripta,
661 539 759 601 quam
781 517 944 582 Eusebius
976 517 1012 582 in
1042 519 1142 584 terlio

90 603 364 672 eccelesiasticae
386 605 541 671 historiae
563 604 729 671 volumine
743 606 900 691 coarguit
932 603 1023 672 Obiit
1042 608 1144 674 tertio

125 691 259 760 Traiani
282 715 381 779 anno,
404 698 437 760 et
457 693 601 758 nominis
625 694 694 759 eius
715 695 905 761 memoriam
925 717 1027 780 usquc
1046 695 1144 762 hodie

125 781 250 848 Romae
274 785 438 850 exstructa
460 782 595 849 ecclesia
618 783 771 850 custodit.

530 963 612 1054 Cup.
643 963 750 1034 XVI.

215 1097 377 1184 Ignatius,
405 1098 631 1166 Antiochense
659 1101 812 1167 ecclesiae
840 1103 957 1166 tertius
986 1106 1062 1186 post
1085 1102 1143 1168 Pe

75 1207 108 1254 10
127 1193 214 1254 trum
233 1189 418 1272 apostolum
441 1189 623 1274 episeopus,
641 1190 898 1275 persecutionem
920 1197 1145 1258 commovente

128 1277 269 1342 Tmiano
297 1276 470 1342 damnatus
499 1277 540 1343 ad
568 1279 690 1344 bestias
718 1279 858 1344 Romam
886 1279 1014 1344 vinetus
1043 1281 1145 1346 mitti-

128 1370 189 1431 tur.
236 1363 382 1449 Cumque
404 1367 565 1452 narigans
588 1365 765 1452 Smyrnam
787 1367 944 1450 venisset,
968 1367 1025 1432 ubi
1047 1366 1145 1452 Poly-

128 1476 254 1539 carpus,
278 1453 406 1520 auditor
419 1453 586 1539 Iohannis,
608 1457 780 1541 episcopus
794 1459 877 1539 erat,
896 1456 1027 1539 scripsit
1045 1479 1145 1522 unam

129 1543 303 1628 epistulam
326 1541 368 1606 ad
390 1541 567 1628 Ephesios,
591 1545 728 1610 alteram
752 1545 792 1608 ad
814 1543 1058 1630 Magnesianos,
1081 1550 1146 1610 ter·

76 1646 108 1694 ιδ
127 1633 208 1697 tiam
241 1631 281 1696 ad
308 1629 505 1715 rl'rallenses,
538 1636 689 1717 quartam
722 1633 762 1697 ad
790 1633 972 1717 Romanos,
1005 1637 1038 1698 et
1069 1635 1145 1700 inde

129 1719 297 1805 egrediens
335 1721 466 1804 scripsit
502 1721 543 1785 ad
580 1721 849 1805 Philadelphinos
886 1727 919 1786 et
956 1722 996 1786 ad
1034 1721 1146 1807 Smyr·

128 1829 227 1873 naeus
264 1812 296 1872 et
328 1809 458 1892 proprie
491 1809 532 1874 ad
564 1807 793 1895 Polycarpum,
830 1809 1059 1876 commendans
1096 1812 1147 1877 illi

128 1896 384 1962 Antiochensem
407 1899 590 1982 eeclesiam,
613 1898 649 1962 in
672 1921 736 1984 qua
759 1901 793 1964 et
811 1898 850 1964 de
866 1899 1044 1984 evangelio,
1059 1901 1146 1984 quod

128 2007 232 2073 nuper
255 2007 274 2050 a
296 2006 347 2050 me
370 1985 568 2052 translatum
591 1991 654 2073 est,
678 2009 776 2072 super
789 2009 929 2072 persona
943 1985 1065 2053 Christi
1088 2011 1146 2072 po-

75 2089 110 2138 20
129 2077 180 2138 nit
202 2074 426 2140 testimonium
450 2074 574 2140 dicens:
598 2074 670 2162 ‘ego
686 2095 762 2141 vero
781 2081 857 2160 post
876 2077 1147 2144 resurrectionem

129 2163 164 2227 in
188 2183 283 2228 carne
307 2185 381 2228 eum
402 2162 470 2227 vidi
493 2167 526 2228 et
549 2163 653 2248 credo,
672 2165 748 2249 quia
767 2163 834 2251 sit'3
859 2168 892 2229 et
912 2164 1041 2250 quando
1056 2167 1146 2232 venit

130 2251 171 2316 ad
194 2249 327 2316 Petrum
351 2253 384 2316 et
407 2250 448 2315 ad
472 2273 527 2318 eos
550 2253 606 2338 qui
630 2275 703 2318 cum
726 2251 824 2318 Petro
848 2255 956 2338 erant,
979 2253 1062 2319 dixit
1084 2257 1147 2322 eis:

130 2339 214 2404 ‘ecce
236 2341 368 2424 palpate
391 2361 443 2404 me
467 2344 499 2406 et
513 2340 619 2406 ridete
642 2363 707 2428 me,
730 2343 807 2427 quia
830 2365 898 2408 non
922 2363 994 2408 sum
1018 2341 1147 2410 daemo-

129 2429 220 2492 nium
243 2427 468 2513 incorporale'.
513 2429 559 2494 Et
581 2431 695 2494 statim
722 2431 903 2516 tetigerunt
926 2452 1000 2496 eum
1024 2437 1057 2496 et
1080 2455 1147 2498 ere·

76 2532 109 2581 25
130 2515 289 2582 diderunt.

220 2604 365 2690 Dignum
393 2608 501 2670 autem
529 2603 667 2690 videtur,
697 2607 773 2693 quia
802 2607 887 2672 tanti
918 2608 980 2672 viri
1011 2607 1146 2676 fecimus

132 2694 347 2780 mentionem,
380 2698 414 2759 et
445 2695 484 2759 de
517 2694 656 2777 epistula
688 2695 757 2760 eius
790 2717 888 2781 quam
916 2697 957 2762 ad
979 2696 1147 2764 Romanos

133 2783 264 2867 scripsit
299 2804 402 2867 pauca
434 2803 569 2868 ponere:
602 2781 659 2848 ‘de
687 2781 783 2868 Syria
809 2807 911 2870 usque
944 2785 985 2849 ad
1007 2785 1147 2852 Romam

132 2891 243 2956 pugno
273 2873 314 2937 ad
341 2871 463 2938 bestias
491 2871 525 2936 in
548 2872 631 2937 mari
661 2876 694 2937 et
721 2873 757 2937 in
779 2877 880 2959 terra,
907 2877 1003 2939 nocte
1027 2876 1060 2939 et
1084 2873 1145 2960 die,

79 2975 114 3024 30
134 2959 254 3046 ligatus
285 2983 359 3026 cum
387 2961 496 3026 decem
518 2961 697 3047 leopardis,
724 2961 787 3028 hoc
811 2965 874 3042 est,
897 2962 1068 3048 militibus,
1092 2964 1148 3049 qui

132 3071 183 3114 me
216 3051 415 3134 custodiunt,
451 3049 569 3136 quibus
602 3054 636 3115 et
668 3071 742 3116 cum
773 3051 985 3136 benefeceris,
1018 3052 1146 3136 peiores

131 3138 224 3204 fiunt.
270 3137 429 3225 [niquitas
459 3143 569 3204 autem
597 3159 710 3204 eorum
732 3159 805 3203 mea
828 3139 976 3204 doctrina
999 3142 1063 3222 est,
1092 3140 1147 3205 sed

132 3249 201 3295 non
232 3227 350 3294 idcirco
380 3227 573 3294 iustificetur
605 3247 685 3290 sum.
740 3225 876 3290 Utinam
909 3224 1001 3289 fruar
1033 3227 1146 3294 bestiis

207 3375 240 3426 16
259 3367 396 3426 Norimb.:
416 3367 452 3423 ad
470 3365 703 3436 Philadelpbenos

615 3676 766 3746 A
