2512 3794
529 131 746 196 „13-

128 272 275 338 tissimae
302 273 389 338 vitae
415 272 492 356 fnit3
524 293 620 358 quem
651 293 719 338 non
746 289 899 356 ponerem
927 271 962 335 in
992 272 1153 358 catalogo

128 364 329 445 sanctoruni,
354 361 420 426 nisi
446 381 499 426 me
521 361 597 427 illae
624 361 782 445 epistulae
804 363 1032 446 provocarent,
1062 381 1152 446 quae

127 450 281 536 leguntur
304 471 324 514 a
341 450 490 534 plurimis
509 447 603 515 Pauli
625 449 667 513 ad
686 448 844 515 Senecam
866 451 923 513 aut
941 446 1082 514 Senecae
1104 449 1149 514 ad

127 535 275 604 Paulum.
320 537 361 603 In
389 540 521 625 quibus,
551 559 622 603 cum
650 541 737 601 esset
758 533 899 602 Neronis
927 537 1086 622 magister
1113 542 1149 602 et

91 619 214 692 lillins
236 627 393 712 temporis
416 626 670 712 potentissimus,
693 628 806 709 optare
826 647 862 690 sa
880 625 960 690 dicit
981 625 1051 690 eius
1074 642 1151 691 esse

128 715 192 782 loci
224 716 310 800 apud
342 735 431 798 suos,
464 713 554 780 ouius
586 714 630 778 sit
658 711 779 778 Paulus
811 735 832 777 a
854 713 899 778 ud
931 710 1150 780 Christianos.

76 864 80 870 .
128 801 191 870 Hic
218 808 295 868 ante
318 803 485 869 biennium
513 823 611 887 qnam
632 800 749 868 Petrus
777 805 811 866 et
832 735 953 867 d'aulus
984 802 1150 888 martyrio

128 895 373 976 coronarentur,
396 914 416 956 a
438 888 571 956 Nerone
593 889 784 956 interiectus
808 893 866 955 est.

526 1070 609 1166 oce.
632 1069 747 1142 XIII.

74 1215 109 1266 10
215 1205 384 1292 Iosephus,
397 1207 557 1276 Matthias
570 1209 667 1292 filius,
685 1230 725 1274 ex
738 1205 978 1292 Hierosolymis
994 1209 1149 1276 sacerdos

129 1319 149 1362 a
171 1295 375 1382 Vespasiano
399 1301 513 1382 captus
536 1319 610 1364 curn
633 1297 717 1380 Tito,
739 1296 806 1362 lilio
829 1297 907 1380 eius,
929 1297 1062 1364 relictus
1086 1305 1148 1364 est.

126 1385 190 1452 Hic
203 1385 342 1452 Romam
360 1387 495 1452 veniens
516 1391 641 1471 septem
659 1386 761 1452 libros
777 1385 924 1450 iudaicae
943 1386 1148 1469 captivitatis

126 1475 376 1560 imperatoribus
395 1475 481 1559 petri
499 1475 631 1560 filioque
650 1474 778 1557 obtulit,
799 1473 856 1558 qui
875 1478 909 1540 et
926 1473 1146 1540 bibliothecae

126 1565 275 1648 publicae
297 1563 438 1630 traditae
460 1567 545 1648 sunt,
567 1565 601 1628 et
624 1563 666 1630 ob
688 1561 812 1647 ingenii
837 1562 977 1647 gloriam
1001 1565 1147 1630 statuam

74 1664 107 1714 ¹⁵
126 1649 545 1826 lltlllttttlltl
556 1649 1147 1824 rxtttlrlthslll'zhtl

127 1829 287 1894 decimum
310 1829 492 1896 Domitiani
515 1825 665 1894 Caesaris
688 1832 722 1894 ct
744 1828 825 1894 duos
847 1822 1066 1912 ἄρχαιόιητος
1090 1829 1145 1894 ad·
1225 1900 1229 1908 ,

126 1939 238 1982 versus
256 1919 441 2006 Appionem
455 1917 705 2004 grammaticum
722 1916 989 2000 Alexandrinum,
1006 1917 1063 2002 qui
1083 1918 1146 1984 sub

126 2003 276 2092 Caligula
306 2007 435 2091 legatus
471 2007 589 2072 missus
625 2027 665 2072 ex
695 2009 790 2089 parte
821 2004 992 2090 gentilium
1026 2009 1143 2072 contra

72 2109 107 2158 20
126 2094 297 2161 Philonem
316 2097 415 2162 etiam
438 2095 558 2162 librum
576 2094 847 2178 vituperationem
865 2093 974 2178 gentis
996 2093 1145 2162 iudaicae

125 2184 347 2250 continentem
375 2184 557 2267 scripserat.
603 2184 698 2251 Alius
721 2203 848 2268 quoque
870 2181 953 2248 liber
976 2182 1060 2266 eius,
1088 2183 1145 2268 qni

125 2270 313 2343 inscribitur
335 2270 410 2357 περὶ
433 2267 680 2358 αὐτοκράτορος
702 2271 877 2355 λογισμοῦ,
898 2269 992 2336 valde
1011 2271 1145 2356 elegans

124 2359 278 2440 habetur,
304 2361 340 2426 in
363 2382 427 2446 quo
450 2365 484 2426 et
505 2359 796 2427 Macchabaeorum
819 2357 946 2443 digesta
976 2361 1144 2444 martyria

124 2446 247 2514 Hicin
275 2453 389 2516 octavo
412 2448 658 2534 Antiquitatum
684 2449 769 2514 libro
796 2447 1044 2514 manifestisime
1068 2470 1144 2514 con-

71 2551 106 2602 25
125 2537 234 2602 fitetur
270 2543 404 2623 propter
438 2537 697 2623 magnitudinem
730 2538 896 2622 signorum
930 2534 1095 2602 Christum
1124 2560 1145 2602 a

124 2626 306 2710 pharisaeis
337 2625 542 2692 interfectum
573 2630 607 2692 et
636 2624 818 2691 Iohannem
857 2624 1036 2710 baptistam
1068 2647 1144 2690 vere

124 2715 318 2800 prophetam
353 2713 454 2780 fuisse
491 2719 524 2779 et
564 2719 698 2799 propter
737 2713 993 2779 interfectionem
1031 2713 1143 2779 lacobi

126 2804 267 2888 apostoli
295 2801 559 2888 Hierosolymam
592 2803 742 2868 dirutam.
794 2800 932 2887 Scripsit
963 2805 1071 2868 sutem
1104 2801 1143 2867 de

125 2890 267 2958 Domino
290 2893 325 2957 in
347 2892 435 2958 hunc
458 2892 603 2958 modum:
628 2890 757 2957 ‘eodem
780 2895 924 2976 tempore
952 2891 1016 2954 fuit
1036 2889 1144 2976 Iesus,

72 2995 108 3044 30
127 2981 255 3065 sapiens
279 2981 337 3065 vir,
362 2981 392 3046 si
410 2985 521 3048 tamen
539 2981 645 3046 uirum
668 3002 742 3046 eum
761 2984 890 3065 oportet
908 2979 1022 3046 dicere.
1058 2977 1143 3044 Erat

127 3071 213 3135 enim
235 3068 435 3135 mirabilium
453 3073 602 3155 patrator
620 3090 753 3155 operum
773 3071 806 3134 et
825 3067 938 3134 doctor
956 3089 1068 3132 eornm
1087 3069 1143 3153 qui

199 3251 215 3300 8
234 3243 331 3302 Bamb.
346 3243 376 3300 et
389 3242 530 3301 Norimb.:
549 3245 579 3300 et
652 3249 684 3299 15
698 3241 797 3298 Bamb.
817 3243 847 3297 et
859 3239 940 3296 Bam.
955 3241 985 3296 et
999 3239 1140 3299 Nerine:

127 3316 232 3388 viginti
255 3317 388 3390 quattuor
464 3323 497 3372 16
520 3313 570 3370 al.=
594 3331 683 3385 usqne
706 3313 743 3369 ad
766 3329 869 3367 annum
946 3315 980 3366 2³
1003 3311 1054 3366 al:
1078 3315 1142 3367 eunt

127 3388 241 3460 digesta
313 3393 348 3444 24
365 3387 474 3446 bamba
493 3389 593 3442 octavo
612 3383 734 3450 decirnc;
753 3382 894 3439 Nodmb:
914 3381 1023 3436 decimo
1042 3383 1142 3437 octavo
