2522 3802
569 97 787 170 ..6οτ

168 234 257 320 quod
278 236 408 302 vocarit
428 232 666 322 καταστροφήν
689 235 758 304 sive
776 246 908 323 πεῖραν,
930 241 966 304 et
988 238 1050 304 sub
1069 239 1184 306 Valen-

168 323 294 389 tiniano
316 322 463 410 principe
486 325 577 392 obiit

561 504 644 595 cap.
675 504 798 578 exre

259 637 414 727 Cyrillus,
446 639 694 726 Hierosolymae
730 642 916 730 episcopus,
947 665 1045 730 saepe
1077 648 1189 731 pulsus

132 741 149 790 s
169 730 358 796 ecclesiast
379 732 527 816 receptus
546 728 589 794 ad
610 733 799 814 extremum,
822 732 883 798 sub
897 731 1083 800 Theodosio
1102 737 1187 821 prin·

168 818 239 902 cipe
263 822 337 886 octo
360 817 456 884 annis
474 817 706 884 inconcussum
724 818 948 904 episcopatum
971 821 1087 886 tenuit
1125 823 1187 888 Er·

169 910 259 972 stant
277 906 347 972 eius
370 901 576 992 κατηχήσεις,
599 928 680 992 quas
698 906 734 974 in
758 907 979 977 adulescentie
997 914 1191 996 composuit

551 1102 634 1197 Cup.
663 1043 812 1176 ¹CXIII.

259 1240 403 1310 Euroius
423 1241 511 1328 apud
523 1240 738 1328 'l'hespesium
751 1241 917 1309 rhetorem
931 1263 1004 1310 cum
1019 1243 1193 1332 Gregorio,

116 1342 150 1392 10
171 1329 377 1398 Naaianaeno
391 1331 553 1416 episcopo,
566 1329 755 1397 adulescens
770 1328 948 1398 Caesareae
967 1333 1113 1400 eruditus
1133 1340 1194 1418 est,

169 1424 203 1486 et
239 1420 382 1486 eiusdem
413 1423 530 1505 postea
561 1419 652 1484 urbis
689 1419 859 1505 episcopus
879 1439 885 1454 ·
897 1421 1039 1506 plurimo
1076 1423 1196 1491 labore

168 1512 354 1595 corruptam
384 1509 451 1574 iam
473 1506 706 1574 bibliothecam
728 1505 879 1594 Origenis
907 1512 942 1574 et
963 1509 1130 1595 Pamphili
1157 1513 1194 1578 in

169 1598 367 1664 membranis
386 1597 571 1664 instaurare
589 1599 727 1662 conatus
746 1596 787 1662 ad
806 1601 985 1664 extremum
1004 1599 1065 1664 sub
1084 1599 1194 1666 Theo·

169 1684 261 1752 dosio
284 1686 429 1772 principe
448 1685 584 1752 ecclesia
604 1685 719 1768 pulsus
737 1687 796 1750 est
831 1683 993 1754 Feruntur
1017 1688 1087 1754 eius
1105 1689 1196 1756 varii

115 1791 148 1840 15
167 1773 427 1861 multiplicesque
449 1777 625 1858 hmtatus,
647 1793 729 1858 quos
751 1794 849 1840 nosse
872 1775 1024 1860 perfacile
1047 1779 1106 1844 est

554 1972 637 2066 cup.
670 1967 807 2046 crza

256 2111 476 2200 Epiphanius,
504 2109 606 2196 Cypri
635 2107 821 2177 salaminus
845 2111 1028 2197 episeopus,
1057 2113 1198 2199 scripsit

167 2203 323 2269 advorsus
346 2221 459 2268 omnes
482 2199 613 2266 hereses
631 2199 734 2265 libros
758 2203 792 2264 et
813 2199 919 2264 multa
941 2199 1015 2279 alia,
1038 2221 1121 2286 quae
1147 2203 1194 2270 ab

168 2290 303 2356 eruditis
330 2293 466 2376 propter
491 2309 561 2373 res,
593 2310 614 2353 a
646 2287 899 2372 simplicioribus
927 2291 1062 2373 propter
1089 2292 1197 2357 verba

113 2395 149 2446 ec
167 2401 296 2465 quoque
322 2379 518 2445 lectitantur.
568 2374 723 2460 Superest
754 2397 857 2462 usque
883 2374 979 2442 hodie
1014 2381 1047 2443 at
1075 2378 1111 2444 in
1135 2402 1194 2444 ex-

166 2470 270 2534 trcma
293 2467 359 2534 iam
382 2469 546 2532 senectute
569 2464 660 2530 varia
683 2464 814 2549 scripsit
835 2465 1000 2548 opuscula

564 2645 647 2736 Oop.
678 2641 748 2716 OX
754 2641 792 2716 V.

256 2785 411 2874 Ephrem,
427 2783 615 2852 Edessenae
634 2779 787 2848 ecclesiae
806 2781 973 2867 diaconus,
990 2783 1094 2849 multa
1110 2805 1193 2870 syro

168 2895 317 2940 sermone
344 2875 541 2962 composuit,
567 2876 603 2940 et
625 2870 666 2936 ad
689 2871 817 2936 tantam
840 2871 930 2937 venit
952 2871 1195 2959 claritudinem,

113 2979 147 3030 ee
166 2965 205 3028 ut
225 2967 302 3048 post
323 2965 496 3032 lectionem
527 2962 763 3048 scripturarum
785 2959 914 3044 publice
935 2959 969 3026 in
993 2960 1190 3044 quibusdam

166 3051 310 3117 ecclesiis
325 3053 447 3139 scripte
460 3053 529 3118 eius
545 3051 733 3120 recitentur.
764 3045 846 3134 Legi
865 3046 916 3114 ‘ds
930 3049 1047 3134 spiritu
1060 3051 1192 3120 sancto’

238 3209 451 3281 lvatrperam
500 3207 606 3264 evat:
619 3205 980 3276 rhetoricamrhetorical>
1032 3206 1188 3265 lumb:

166 3280 238 3338 scire
286 3287 323 3338 20
336 3281 446 3338 Baraba
465 3279 566 3350 ignota
614 3277 763 3334 21Bamb.
778 3275 960 3334 etNorimb.:
980 3275 1072 3346 cndit;
1091 3278 1187 3336 Bern:

166 3352 295 3410 condidit
365 3359 399 3410 28
417 3351 496 3408 Vat:
514 3349 658 3406 Edesenae
