2512 3794
480 661 753 737 Praefatio

561 839 667 848 *—

196 959 287 1026 Illius
308 960 351 1025 de
374 961 472 1025 viris
496 961 733 1025 inlustribus
753 959 834 1024 aive
854 959 897 1023 de
917 959 1119 1042 scriptori-

106 1069 177 1132 bus
214 1067 498 1134 ecolcsiasticis
536 1067 624 1149 libri,
662 1089 757 1152 quem
790 1089 818 1131 a.
841 1066 907 1131 392
939 1065 1122 1150 composuit

106 1172 341 1260 Hieronymus,
376 1174 530 1260 permulti
566 1176 695 1239 exstant
731 1171 856 1238 codices
890 1194 971 1258 quos
1008 1193 1121 1238 omnes

106 1301 295 1346 enumcrare
322 1281 457 1367 longum
481 1283 540 1345 est.

196 1383 419 1452 Vetustissimi
444 1391 532 1452 sunt:

239 1491 273 1580 a)
296 1491 491 1579 Vaticanus,
509 1493 587 1558 bibl.
601 1491 810 1578 Reginensis,
823 1514 855 1558 n.
869 1493 967 1576 2077,
981 1491 1116 1556 membr.

294 1599 316 1663 2
339 1600 413 1684 col,
436 1599 589 1666 foliorum
614 1599 693 1682 101,
717 1620 798 1664 saec.
812 1596 887 1664 VII.

237 1703 273 1790 b)
296 1703 509 1790 Veronensis,
531 1705 610 1772 bibl.
629 1703 778 1790 Capitul,
797 1727 828 1770 n.
847 1703 953 1791 XXII,
975 1706 1117 1787 membr,

294 1811 353 1878 fol.
374 1811 446 1898 175,
470 1834 552 1878 saec.
571 1811 661 1878 VIII.

238 1915 270 2003 c)
297 1914 529 2002 vercellensis,
555 1918 634 1984 bibl.
663 1916 819 2002 Capitol,
852 1940 885 1983 n.
912 1915 1119 2000 CLXXXIII,

294 2024 443 2108 membr„
465 2023 519 2090 fol.
542 2025 614 2109 109,
636 2045 719 2090 saec.
738 2023 919 2090 VIII—IX.

193 2128 244 2196 Ex
270 2129 324 2195 his
356 2130 443 2227 quod
471 2129 668 2197 Vaticanum
702 2131 806 2196 solum
843 2130 989 2196 conferre
1027 2131 1120 2214 potui

104 2235 312 2302 vehementer
334 2236 437 2304 doleo.
473 2237 569 2304 Hunc
593 2243 701 2304 autem
723 2242 841 2323 rogatu
859 2259 931 2302 meo
949 2237 1119 2302 transscri-

105 2342 247 2409 bendum
270 2365 397 2410 summa
419 2343 615 2410 liberalitate
638 2345 764 2410 curavit

210 2491 418 2563 ruderibus,
441 2492 717 2565 archiepiscopus
739 2493 1011 2565 ambergam,

103 2627 155 2693 cui
178 2625 240 2692 hoc
263 2627 335 2693 loco
358 2625 464 2691 denuo
488 2627 611 2712 gratias
635 2647 698 2714 ago
721 2627 890 2693 maximas.

193 2733 324 2798 Praeter
337 2729 534 2799 Vaticanum
549 2735 622 2800 aliis
637 2735 744 2800 tribus
758 2756 835 2800 usus
850 2755 923 2800 sum
936 2733 1116 2800 codicibus:

238 2837 272 2926 a)
294 2839 542 2928 Bambergensi,
564 2863 595 2907 n.
614 2842 689 2922 677,
713 2839 840 2925 81f01,
863 2861 945 2905 saec.
965 2839 1022 2907 XI.

237 2943 274 3033 b)
297 2945 471 3033 Bemensi,
494 2970 575 3014 saec.
594 2947 657 3034 XI,
688 2947 779 3013 cuius
812 2947 966 3013 lectiones
999 2948 1117 3014 eximia

298 3053 469 3140 diligentia
496 3057 627 3120 notatas
642 3053 820 3120 Godofredi
834 3051 1119 3139 Dummermuthii,

299 3160 448 3245 discipuli
472 3160 635 3247 quondam
658 3161 738 3248 mei,
760 3160 922 3227 amicitiae
945 3161 1055 3228 debeo.

242 3265 274 3352 c)
297 3265 577 3355 Norimbergensi‚
591 3291 672 3334 saco.
686 3267 774 3353 XIV,
792 3267 873 3333 satis
886 3268 987 3352 bono,
1006 3267 1061 3332 sed
1076 3267 1117 3331 ab

298 3374 428 3440 homine
447 3374 586 3462 quodam
600 3397 740 3462 nequam
758 3373 942 3439 foedissima
957 3372 1117 3438 mutilato.
