2522 3802
508 104 749 170 -103—

61 299 76 320 ,
163 269 185 321 ’,
209 267 290 331 quas
305 267 325 310 a
342 245 499 312 fratribus
518 245 632 310 salutis
650 246 801 330 propriae
821 247 968 314 sollicitis
987 247 1022 312 in
1035 246 1136 312 libros

81 359 125 424 χ
197 338 262 400 stas
287 335 408 400 servari
432 333 578 420 cognovi.

479 549 562 640 Cap.
591 548 778 620 LXXIX.

217 687 374 754 Voconius
389 685 578 770 Castellum,
595 686 811 754 Mauritaniae
829 687 948 772 oppidi,
966 688 1136 772 episcopus

60 857 68 866 ,
158 776 250 859 upsit
263 775 417 842 adversus
436 775 589 842 ecclesiae
608 775 767 860 inimicos,
784 775 922 842 Iudaeos
941 780 975 842 et
987 777 1136 860 Arianos,
1173 777 1190 827 ὅ

121 870 153 928 et
175 864 256 929 alios
279 864 447 930 hereticos.
493 862 685 948 Composuit
711 865 810 931 etiam
838 863 1135 932 ‘sacramentorum'

119 952 287 1039 egregium
309 953 464 1018 libellum.

494 1149 577 1240 cap.
606 1150 770 1221 LXXX.

207 1286 375 1370 Musaeus,
397 1286 612 1354 Massiliensis
641 1288 795 1354 eeclesiae
822 1287 1001 1372 presbyter,
1028 1287 1079 1352 vir
1101 1289 1136 1352 iu

119 1378 238 1444 divims
267 1375 435 1460 scripturis
463 1375 576 1440 doctus
607 1380 640 1440 et
666 1377 702 1440 iu
729 1397 839 1442 earum
863 1375 1011 1441 sensibus
1034 1376 1189 1441 subii-10

118 1466 245 1531 lissima
268 1464 496 1530 exercitatione
515 1463 661 1548 limatus,
684 1465 798 1550 lingua
817 1485 943 1550 quoque
966 1464 1136 1530 scholasti·

120 1577 176 1620 cus
194 1553 329 1620 hortatu
352 1553 457 1618 sancti
473 1549 606 1618 Venerii
630 1553 774 1636 episcopi
798 1553 958 1637 excerpsit
977 1575 1015 1617 ex
1035 1554 1135 1618 sacris

120 1641 289 1727 scripturis
317 1641 471 1707 lectiones
498 1641 601 1706 totius
635 1641 712 1706 anni
738 1641 863 1707 festivis
892 1640 1003 1706 diebus
1032 1644 1135 1727 aptas,

119 1729 327 1816 responsorio
342 1729 441 1794 etiam
454 1730 653 1814 psalmorum
668 1729 812 1815 capitula
825 1729 965 1815 tempori
980 1733 1013 1795 et
1025 1731 1135 1796 lectio-

120 1819 217 1886 nibus
245 1817 466 1904 eongruentia.
524 1816 617 1894 Quod
650 1841 730 1906 opus
763 1822 833 1884 tam
864 1819 1082 1884 necessarium
1116 1823 1189 1884 a15

119 1908 296 1974 lectoribus
319 1907 354 1972 in
377 1907 512 1972 ecclesie
538 1908 703 1992 probatur,
731 1911 769 1972 ut
792 1909 970 1992 expetitum
994 1911 1027 1972 et
1050 1907 1135 1973 solli-

120 1997 298 2062 citudinem
319 1995 417 2062 tollat
439 1999 472 2060 et
494 2016 622 2060 moram
639 1995 792 2080 plebique
810 1997 938 2080 ingerat
956 1997 1136 2079 scientiam,

120 2085 303 2152 celebritati
326 2083 483 2150 decorem.
531 2081 593 2148 Sed
621 2090 654 2148 et
681 2083 722 2150 ad
745 2105 918 2168 personam
942 2085 1048 2150 sancti
1071 2083 1135 2148 Eu·

121 2174 238 2240 stachii
265 2173 421 2258 episcopi,
449 2173 646 2238 successoris
674 2172 875 2258 supradicti
898 2171 1039 2237 hominis
1063 2171 1134 2258 Dei,

121 2259 425 2329 ‘sacramentorum'
454 2261 621 2348 egregium
653 2265 686 2326 et
718 2283 784 2328 non
811 2283 947 2345 parvum
975 2261 1135 2345 volumen,
1155 2267 1190 2317 20

120 2373 178 2436 per
206 2350 354 2416 membra
381 2349 510 2435 quidem
539 2372 598 2433 pro
628 2350 872 2435 opportunitate
900 2349 1081 2416 officiorum
1104 2355 1137 2416 et

118 2444 317 2526 temporum,
343 2461 403 2524 pro
430 2438 608 2505 lectionum
635 2443 726 2504 textu
758 2439 1024 2524 psalmorumque
1055 2440 1136 2504 serie

121 2534 154 2593 et
177 2529 363 2595 cantatione
386 2527 574 2610 discretum,
603 2526 658 2592 sed
687 2527 889 2612 supplicandi
913 2525 982 2593 Deo
1006 2532 1040 2592 et
1062 2549 1135 2593 con-

118 2617 261 2684 testandi
284 2616 440 2684 beneficia
463 2615 531 2680 eins
556 2617 721 2682 soliditate
744 2617 794 2682 sui
818 2620 1062 2682 conteneneum.

210 2705 282 2782 Quo
310 2725 406 2791 opere
435 2705 619 2791 gravissimi
647 2725 761 2770 sensns
796 2708 829 2769 et
861 2704 1040 2788 castigatae
1069 2703 1134 2770 elo·
1154 2709 1189 2758 25

121 2795 273 2880 quentiae
306 2793 499 2880 agnovimus
532 2793 647 2858 virum.
692 2792 854 2858 Homilias
887 2791 985 2856 etiam
1018 2791 1135 2857 dicitur

120 2883 333 2967 declamasse,
361 2905 441 2968 quas
471 2885 505 2946 et
532 2881 646 2946 haberi
670 2903 690 2945 a
711 2879 860 2945 fidelibus
884 2878 962 2944 viris
985 2881 1134 2966 cognovi,

194 3083 207 3130 1
228 3075 338 3132 Bambr
358 3074 438 3130 libris
547 3080 565 3128 4
583 3071 679 3128 Rern:
702 3070 854 3139 Buconius;
883 3071 997 3130 Banu:
1015 3071 1135 3129 Victori·

120 3163 172 3202 nus
264 3153 298 3202 10
316 3146 412 3202 Berua
436 3143 627 3228 subtilissima·
639 3143 761 3228 quadam
780 3143 1136 3227 exercitationeimbuitus

122 3293 155 3343 ιε
173 3214 1083 3346 Xv3¹ess¹¹u⁶scee⁰edtteuicisset

120 3358 218 3418 sema.
238 3334 271 3416 ei
286 3357 381 3415 neme
400 3357 552 3415 sonnium
571 3375 638 3415 suae
788 3327 796 3354 ’
