<?xml version="1.0" encoding="UTF-8"?>
<!DOCTYPE html PUBLIC "-//W3C//DTD XHTML 1.0 Transitional//EN"
    "http://www.w3.org/TR/xhtml1/DTD/xhtml1-transitional.dtd">
<html xmlns="http://www.w3.org/1999/xhtml" xml:lang="en" lang="en">
 <head>
  <title>
</title>
<meta http-equiv="Content-Type" content="text/html;charset=utf-8" />
  <meta name='ocr-system' content='tesseract 3.04.00' />
  <meta name='ocr-capabilities' content='ocr_page ocr_carea ocr_par ocr_line ocrx_word'/>
</head>
<body>
  <div class='ocr_page' id='page_1' title='image "./heironymideviri01jerogoog_0040.png"; bbox 0 0 2512 3794; ppageno 0'>
   <div class='ocr_carea' id='block_1_1' title="bbox 486 136 733 192">
    <p class='ocr_par' dir='ltr' id='par_1_1' title="bbox 486 136 733 192">
     <span class='ocr_line' id='line_1_1' title="bbox 486 136 733 192; baseline 0 -12"><span class='ocrx_word' id='word_1_1' title='bbox 486 136 733 192; x_wconf 68' lang='grc' dir='ltr'><em>..ων-</em></span> 
     </span>
    </p>
   </div>
   <div class='ocr_carea' id='block_1_2' title="bbox 98 297 1114 737">
    <p class='ocr_par' dir='ltr' id='par_1_2' title="bbox 122 297 920 388">
     <span class='ocr_line' id='line_1_2' title="bbox 122 297 920 388; baseline 0.008 -26"><span class='ocrx_word' id='word_1_2' title='bbox 122 297 159 362; x_wconf 85' lang='lat'><strong>9:</strong></span> <span class='ocrx_word' id='word_1_3' title='bbox 183 297 436 364; x_wconf 76' lang='lat' dir='ltr'><strong>scientissimum</strong></span> <span class='ocrx_word' id='word_1_4' title='bbox 461 299 598 384; x_wconf 87' lang='lat' dir='ltr'><strong>quidem.</strong></span> <span class='ocrx_word' id='word_1_5' title='bbox 625 334 662 346; x_wconf 92' lang='lat'><strong>·-</strong></span> <span class='ocrx_word' id='word_1_6' title='bbox 690 321 819 366; x_wconf 88' lang='lat' dir='ltr'><strong>omnem</strong></span> <span class='ocrx_word' id='word_1_7' title='bbox 843 298 920 388; x_wconf 86' lang='lat' dir='ltr'><strong>(V.)</strong></span> 
     </span>
    </p>

    <p class='ocr_par' dir='ltr' id='par_1_3' title="bbox 104 383 983 478">
     <span class='ocr_line' id='line_1_3' title="bbox 104 383 983 478; baseline 0.007 -28"><span class='ocrx_word' id='word_1_8' title='bbox 104 385 161 452; x_wconf 90' lang='lat'><strong>10:</strong></span> <span class='ocrx_word' id='word_1_9' title='bbox 186 383 241 451; x_wconf 90' lang='lat' dir='ltr'><strong>V.:</strong></span> <span class='ocrx_word' id='word_1_10' title='bbox 264 389 420 470; x_wconf 83' lang='lat' dir='ltr'><strong>tempore.</strong></span> <span class='ocrx_word' id='word_1_11' title='bbox 442 423 481 434; x_wconf 86' lang='lat'><strong>-—</strong></span> <span class='ocrx_word' id='word_1_12' title='bbox 506 387 602 453; x_wconf 91' lang='lat' dir='ltr'><strong>huius</strong></span> <span class='ocrx_word' id='word_1_13' title='bbox 625 391 659 453; x_wconf 88' lang='lat' dir='ltr'><strong>et</strong></span> <span class='ocrx_word' id='word_1_14' title='bbox 681 389 769 474; x_wconf 88' lang='lat' dir='ltr'><strong>(pro:</strong></span> <span class='ocrx_word' id='word_1_15' title='bbox 791 389 888 455; x_wconf 88' lang='lat' dir='ltr'><strong>huius</strong></span> <span class='ocrx_word' id='word_1_16' title='bbox 912 390 983 478; x_wconf 86' lang='lat' dir='ltr'><strong>cst).</strong></span> 
     </span>
    </p>

    <p class='ocr_par' dir='ltr' id='par_1_4' title="bbox 101 473 1006 566">
     <span class='ocr_line' id='line_1_4' title="bbox 101 473 1006 566; baseline 0.008 -27"><span class='ocrx_word' id='word_1_17' title='bbox 101 475 159 540; x_wconf 89' lang='lat'><strong>14:</strong></span> <span class='ocrx_word' id='word_1_18' title='bbox 184 473 445 542; x_wconf 80' lang='lat' dir='ltr'><strong>dissertissimus.</strong></span> <span class='ocrx_word' id='word_1_19' title='bbox 468 512 512 522; x_wconf 88' lang='lat'>—</span> <span class='ocrx_word' id='word_1_20' title='bbox 534 475 718 544; x_wconf 74' lang='lat' dir='ltr'><strong>Antiochiae</strong></span> <span class='ocrx_word' id='word_1_21' title='bbox 741 475 1006 566; x_wconf 80' lang='lat' dir='ltr'><strong>(Antiochenae).</strong></span> 
     </span>
    </p>

    <p class='ocr_par' dir='ltr' id='par_1_5' title="bbox 98 562 1114 737">
     <span class='ocr_line' id='line_1_5' title="bbox 98 562 1114 737; baseline 0.006 -109"><span class='ocrx_word' id='word_1_22' title='bbox 98 565 156 629; x_wconf 79' lang='lat'><strong>17:</strong></span> <span class='ocrx_word' id='word_1_23' title='bbox 179 562 346 737; x_wconf 63' lang='lat' dir='ltr'><strong>Macota)</strong></span> <span class='ocrx_word' id='word_1_24' title='bbox 358 569 577 647; x_wconf 63' lang='lat' dir='ltr'><strong>accremento:</strong></span> <span class='ocrx_word' id='word_1_25' title='bbox 608 563 676 650; x_wconf 57' lang='lat' dir='ltr'><strong>(Aa</strong></span> <span class='ocrx_word' id='word_1_26' title='bbox 705 565 848 632; x_wconf 87' lang='lat' dir='ltr'><strong>Luciani.</strong></span> <span class='ocrx_word' id='word_1_27' title='bbox 893 567 946 632; x_wconf 89' lang='lat' dir='ltr'><strong>V.:</strong></span> <span class='ocrx_word' id='word_1_28' title='bbox 977 567 1114 636; x_wconf 84' lang='lat' dir='ltr'><strong>Luciani</strong></span> 
     </span>
     <span class='ocr_line' id='line_1_6' title="bbox 177 652 355 736; baseline 0 -21"><span class='ocrx_word' id='word_1_29' title='bbox 177 652 355 736; x_wconf 85' lang='lat' dir='ltr'><strong>martyris.</strong></span> 
     </span>
    </p>
   </div>
   <div class='ocr_carea' id='block_1_3' title="bbox 64 913 1113 2687">
    <p class='ocr_par' dir='ltr' id='par_1_6' title="bbox 118 913 1113 1179">
     <span class='ocr_line' id='line_1_7' title="bbox 539 913 675 985; baseline 0.022 -17"><span class='ocrx_word' id='word_1_30' title='bbox 539 913 609 985; x_wconf 74' lang='lat' dir='ltr'><strong>Pao.</strong></span> <span class='ocrx_word' id='word_1_31' title='bbox 630 919 675 971; x_wconf 83' lang='lat'><strong>50.</strong></span> 
     </span>
     <span class='ocr_line' id='line_1_8' title="bbox 118 1003 1113 1096; baseline 0.006 -26"><span class='ocrx_word' id='word_1_32' title='bbox 118 1003 403 1072; x_wconf 73' lang='lat' dir='ltr'><strong>12LXXV1111.</strong></span> <span class='ocrx_word' id='word_1_33' title='bbox 448 1003 484 1070; x_wconf 91' lang='lat' dir='ltr'><strong>P.</strong></span> <span class='ocrx_word' id='word_1_34' title='bbox 508 1005 578 1091; x_wconf 79' lang='lat' dir='ltr'><strong>agit</strong></span> <span class='ocrx_word' id='word_1_35' title='bbox 601 1006 641 1072; x_wconf 89' lang='lat' dir='ltr'><strong>de</strong></span> <span class='ocrx_word' id='word_1_36' title='bbox 664 1006 812 1074; x_wconf 79' lang='lat' dir='ltr'><strong>hsnobio</strong></span> <span class='ocrx_word' id='word_1_37' title='bbox 836 1008 871 1074; x_wconf 92' lang='lat' dir='ltr'><strong>in</strong></span> <span class='ocrx_word' id='word_1_38' title='bbox 900 1031 969 1096; x_wconf 86' lang='lat' dir='ltr'><strong>cap.</strong></span> <span class='ocrx_word' id='word_1_39' title='bbox 992 1009 1113 1076; x_wconf 88' lang='lat' dir='ltr'>LXXX</span> 
     </span>
     <span class='ocr_line' id='line_1_9' title="bbox 175 1093 831 1179; baseline 0.005 -21"><span class='ocrx_word' id='word_1_40' title='bbox 175 1097 209 1159; x_wconf 86' lang='lat' dir='ltr'><strong>et</strong></span> <span class='ocrx_word' id='word_1_41' title='bbox 232 1093 271 1158; x_wconf 85' lang='lat' dir='ltr'><strong>de</strong></span> <span class='ocrx_word' id='word_1_42' title='bbox 293 1093 459 1159; x_wconf 79' lang='lat' dir='ltr'><strong>Firmiano</strong></span> <span class='ocrx_word' id='word_1_43' title='bbox 483 1093 518 1158; x_wconf 92' lang='lat' dir='ltr'><strong>in</strong></span> <span class='ocrx_word' id='word_1_44' title='bbox 541 1115 609 1179; x_wconf 80' lang='lat' dir='ltr'><strong>cap.</strong></span> <span class='ocrx_word' id='word_1_45' title='bbox 632 1094 831 1162; x_wconf 89' lang='lat' dir='ltr'>LXXVIIII.</span> 
     </span>
    </p>

    <p class='ocr_par' dir='ltr' id='par_1_7' title="bbox 114 1179 1110 1358">
     <span class='ocr_line' id='line_1_10' title="bbox 117 1179 1110 1271; baseline 0.005 -23"><span class='ocrx_word' id='word_1_46' title='bbox 117 1183 157 1248; x_wconf 88' lang='lat'><strong>3:</strong></span> <span class='ocrx_word' id='word_1_47' title='bbox 180 1181 377 1248; x_wconf 73' lang='lat' dir='ltr'><strong>rethoricam</strong></span> <span class='ocrx_word' id='word_1_48' title='bbox 385 1179 430 1268; x_wconf 91' lang='lat' dir='ltr'><strong>(V</strong></span> <span class='ocrx_word' id='word_1_49' title='bbox 431 1181 732 1268; x_wconf 62' lang='lat' dir='ltr'><strong>.)—somhsit‘que&#39;</strong></span> <span class='ocrx_word' id='word_1_50' title='bbox 742 1183 818 1270; x_wconf 91' lang='lat' dir='ltr'><strong>om.)</strong></span> <span class='ocrx_word' id='word_1_51' title='bbox 828 1185 1110 1271; x_wconf 52' lang='lat' dir='ltr'><strong>[dorotheam]</strong></span> 
     </span>
     <span class='ocr_line' id='line_1_11' title="bbox 114 1267 736 1358; baseline 0.005 -23"><span class='ocrx_word' id='word_1_52' title='bbox 114 1272 152 1335; x_wconf 87' lang='lat'><strong>4:</strong></span> <span class='ocrx_word' id='word_1_53' title='bbox 175 1271 339 1336; x_wconf 70' lang='lat' dir='ltr'><strong>adversum</strong></span> <span class='ocrx_word' id='word_1_54' title='bbox 361 1267 439 1357; x_wconf 84' lang='lat' dir='ltr'><strong>(A.)</strong></span> <span class='ocrx_word' id='word_1_55' title='bbox 463 1308 507 1316; x_wconf 93' lang='lat'><em>-</em></span> <span class='ocrx_word' id='word_1_56' title='bbox 530 1277 637 1338; x_wconf 66' lang='lat' dir='ltr'><strong>oetont</strong></span> <span class='ocrx_word' id='word_1_57' title='bbox 658 1269 736 1358; x_wconf 85' lang='lat' dir='ltr'><strong>(V.)</strong></span> 
     </span>
    </p>

    <p class='ocr_par' dir='ltr' id='par_1_8' title="bbox 115 1357 670 1441">
     <span class='ocr_line' id='line_1_12' title="bbox 115 1357 670 1441; baseline 0.002 -17"><span class='ocrx_word' id='word_1_58' title='bbox 115 1359 152 1424; x_wconf 88' lang='lat'><strong>6:</strong></span> <span class='ocrx_word' id='word_1_59' title='bbox 175 1357 230 1424; x_wconf 87' lang='lat' dir='ltr'><strong>V.:</strong></span> <span class='ocrx_word' id='word_1_60' title='bbox 254 1359 381 1425; x_wconf 81' lang='lat' dir='ltr'><strong>Arnoni</strong></span> <span class='ocrx_word' id='word_1_61' title='bbox 405 1358 566 1441; x_wconf 61' lang='lat' dir='ltr'><strong>[Aeon]</strong></span> <span class='ocrx_word' id='word_1_62' title='bbox 666 1365 670 1370; x_wconf 83' lang='lat'>&#39;</span> 
     </span>
    </p>

    <p class='ocr_par' dir='ltr' id='par_1_9' title="bbox 114 1445 850 1536">
     <span class='ocr_line' id='line_1_13' title="bbox 114 1445 850 1536; baseline 0.001 -23"><span class='ocrx_word' id='word_1_63' title='bbox 114 1449 151 1514; x_wconf 81' lang='lat'><strong>8:</strong></span> <span class='ocrx_word' id='word_1_64' title='bbox 175 1445 229 1512; x_wconf 85' lang='lat' dir='ltr'><strong>A.:</strong></span> <span class='ocrx_word' id='word_1_65' title='bbox 253 1447 414 1531; x_wconf 84' lang='lat' dir='ltr'><strong>versibus,</strong></span> <span class='ocrx_word' id='word_1_66' title='bbox 436 1446 491 1513; x_wconf 86' lang='lat' dir='ltr'><strong>V.:</strong></span> <span class='ocrx_word' id='word_1_67' title='bbox 509 1455 617 1514; x_wconf 75' lang='lat' dir='ltr'><strong>&#39;versa</strong></span> <span class='ocrx_word' id='word_1_68' title='bbox 644 1483 681 1494; x_wconf 90' lang='lat'><em>-</em></span> <span class='ocrx_word' id='word_1_69' title='bbox 708 1445 850 1536; x_wconf 73' lang='lat' dir='ltr'><strong>(extant.)</strong></span> 
     </span>
    </p>

    <p class='ocr_par' dir='ltr' id='par_1_10' title="bbox 114 1531 490 1622">
     <span class='ocr_line' id='line_1_14' title="bbox 114 1531 490 1622; baseline 0 -22"><span class='ocrx_word' id='word_1_70' title='bbox 114 1537 152 1600; x_wconf 84' lang='lat'><strong>9:</strong></span> <span class='ocrx_word' id='word_1_71' title='bbox 175 1531 221 1620; x_wconf 82' lang='lat' dir='ltr'><strong>(V</strong></span> <span class='ocrx_word' id='word_1_72' title='bbox 222 1560 246 1600; x_wconf 92' lang='lat'><strong>.:</strong></span> <span class='ocrx_word' id='word_1_73' title='bbox 269 1533 490 1622; x_wconf 79' lang='lat' dir='ltr'><strong>rethoricam).</strong></span> 
     </span>
    </p>

    <p class='ocr_par' dir='ltr' id='par_1_11' title="bbox 91 1621 1111 1800">
     <span class='ocr_line' id='line_1_15' title="bbox 92 1621 928 1711; baseline 0.004 -21"><span class='ocrx_word' id='word_1_74' title='bbox 92 1626 150 1690; x_wconf 93' lang='lat' dir='ltr'><strong>ll:</strong></span> <span class='ocrx_word' id='word_1_75' title='bbox 189 1621 244 1690; x_wconf 89' lang='lat' dir='ltr'><strong>V.:</strong></span> <span class='ocrx_word' id='word_1_76' title='bbox 267 1623 478 1709; x_wconf 72' lang='lat' dir='ltr'><strong>symfosium)</strong></span> <span class='ocrx_word' id='word_1_77' title='bbox 502 1625 555 1690; x_wconf 67' lang='lat' dir='ltr'><strong>A:</strong></span> <span class='ocrx_word' id='word_1_78' title='bbox 579 1625 648 1690; x_wconf 89' lang='lat' dir='ltr'><strong>eius</strong></span> <span class='ocrx_word' id='word_1_79' title='bbox 672 1629 705 1690; x_wconf 89' lang='lat' dir='ltr'><strong>et</strong></span> <span class='ocrx_word' id='word_1_80' title='bbox 729 1625 928 1711; x_wconf 74' lang='lat' dir='ltr'><strong>synphosim.</strong></span> 
     </span>
     <span class='ocr_line' id='line_1_16' title="bbox 91 1711 1111 1800; baseline 0.005 -22"><span class='ocrx_word' id='word_1_81' title='bbox 91 1713 149 1779; x_wconf 82' lang='lat'><strong>12:</strong></span> <span class='ocrx_word' id='word_1_82' title='bbox 222 1737 243 1778; x_wconf 92' lang='lat'><strong>.:</strong></span> <span class='ocrx_word' id='word_1_83' title='bbox 267 1711 544 1798; x_wconf 74' lang='lat' dir='ltr'><strong>adnnoennlus).</strong></span> <span class='ocrx_word' id='word_1_84' title='bbox 590 1711 658 1798; x_wconf 54' lang='lat' dir='ltr'><strong>(Aa</strong></span> <span class='ocrx_word' id='word_1_85' title='bbox 687 1713 894 1800; x_wconf 75' lang='lat' dir='ltr'><strong>odoporicum</strong></span> <span class='ocrx_word' id='word_1_86' title='bbox 922 1715 961 1782; x_wconf 91' lang='lat' dir='ltr'><strong>de</strong></span> <span class='ocrx_word' id='word_1_87' title='bbox 989 1715 1111 1782; x_wconf 77' lang='lat' dir='ltr'><strong>Africa.</strong></span> 
     </span>
    </p>

    <p class='ocr_par' dir='ltr' id='par_1_12' title="bbox 170 1799 636 1888">
     <span class='ocr_line' id='line_1_17' title="bbox 170 1799 636 1888; baseline 0.004 -23"><span class='ocrx_word' id='word_1_88' title='bbox 170 1799 225 1866; x_wconf 93' lang='lat' dir='ltr'><strong>V.:</strong></span> <span class='ocrx_word' id='word_1_89' title='bbox 249 1801 478 1885; x_wconf 87' lang='lat' dir='ltr'><strong>odoeporioum</strong></span> <span class='ocrx_word' id='word_1_90' title='bbox 501 1800 636 1888; x_wconf 75' lang='lat' dir='ltr'><strong>Africa)</strong></span> 
     </span>
    </p>

    <p class='ocr_par' dir='ltr' id='par_1_13' title="bbox 90 1887 1013 2064">
     <span class='ocr_line' id='line_1_18' title="bbox 92 1887 702 1978; baseline 0.002 -22"><span class='ocrx_word' id='word_1_91' title='bbox 92 1890 151 1956; x_wconf 90' lang='lat'><strong>13:</strong></span> <span class='ocrx_word' id='word_1_92' title='bbox 191 1888 245 1956; x_wconf 83' lang='lat' dir='ltr'><strong>V.:</strong></span> <span class='ocrx_word' id='word_1_93' title='bbox 268 1911 370 1974; x_wconf 89' lang='lat' dir='ltr'><strong>usque</strong></span> <span class='ocrx_word' id='word_1_94' title='bbox 393 1890 429 1954; x_wconf 94' lang='lat' dir='ltr'><strong>in</strong></span> <span class='ocrx_word' id='word_1_95' title='bbox 451 1887 702 1978; x_wconf 72' lang='lat' dir='ltr'><strong>Nicomediam).</strong></span> 
     </span>
     <span class='ocr_line' id='line_1_19' title="bbox 90 1978 1013 2064; baseline 0.003 -20"><span class='ocrx_word' id='word_1_96' title='bbox 90 1979 148 2046; x_wconf 89' lang='lat'><strong>15:</strong></span> <span class='ocrx_word' id='word_1_97' title='bbox 221 2001 242 2044; x_wconf 93' lang='lat'><strong>.:</strong></span> <span class='ocrx_word' id='word_1_98' title='bbox 264 1978 505 2063; x_wconf 82' lang='lat' dir='ltr'><strong>pulcerrimum.</strong></span> <span class='ocrx_word' id='word_1_99' title='bbox 550 1979 604 2044; x_wconf 67' lang='lat' dir='ltr'><strong>A:</strong></span> <span class='ocrx_word' id='word_1_100' title='bbox 628 1980 728 2046; x_wconf 90' lang='lat' dir='ltr'><strong>alium</strong></span> <span class='ocrx_word' id='word_1_101' title='bbox 751 1980 1013 2064; x_wconf 86' lang='lat' dir='ltr'><strong>pulcherrimum.</strong></span> 
     </span>
    </p>

    <p class='ocr_par' dir='ltr' id='par_1_14' title="bbox 90 2065 1108 2154">
     <span class='ocr_line' id='line_1_20' title="bbox 90 2065 1108 2154; baseline 0.002 -21"><span class='ocrx_word' id='word_1_102' title='bbox 90 2069 150 2133; x_wconf 80' lang='lat'><strong>17:</strong></span> <span class='ocrx_word' id='word_1_103' title='bbox 191 2065 244 2132; x_wconf 89' lang='lat' dir='ltr'><strong>V.:</strong></span> <span class='ocrx_word' id='word_1_104' title='bbox 277 2066 448 2133; x_wconf 81' lang='lat' dir='ltr'><strong>acefalum.</strong></span> <span class='ocrx_word' id='word_1_105' title='bbox 502 2066 555 2135; x_wconf 66' lang='lat' dir='ltr'><strong>A:</strong></span> <span class='ocrx_word' id='word_1_106' title='bbox 584 2067 624 2134; x_wconf 84' lang='lat' dir='ltr'><strong>in</strong></span> <span class='ocrx_word' id='word_1_107' title='bbox 655 2069 738 2134; x_wconf 91' lang='lat' dir='ltr'><strong>libro</strong></span> <span class='ocrx_word' id='word_1_108' title='bbox 770 2090 835 2136; x_wconf 90' lang='lat' dir='ltr'><strong>uno</strong></span> <span class='ocrx_word' id='word_1_109' title='bbox 868 2069 1034 2154; x_wconf 86' lang='lat' dir='ltr'><strong>acephalo.</strong></span> <span class='ocrx_word' id='word_1_110' title='bbox 1065 2108 1108 2120; x_wconf 92' lang='lat'><strong>—</strong></span> 
     </span>
    </p>

    <p class='ocr_par' dir='ltr' id='par_1_15' title="bbox 215 2151 508 2242">
     <span class='ocr_line' id='line_1_21' title="bbox 215 2151 508 2242; baseline -0.01 -19"><span class='ocrx_word' id='word_1_111' title='bbox 215 2180 241 2223; x_wconf 88' lang='lat'><strong>·.:</strong></span> <span class='ocrx_word' id='word_1_112' title='bbox 263 2151 508 2242; x_wconf 83' lang='lat' dir='ltr'><strong>Asclipiadem)</strong></span> 
     </span>
    </p>

    <p class='ocr_par' dir='ltr' id='par_1_16' title="bbox 64 2242 1107 2421">
     <span class='ocr_line' id='line_1_22' title="bbox 93 2242 1107 2332; baseline 0.002 -22"><span class='ocrx_word' id='word_1_113' title='bbox 93 2246 150 2311; x_wconf 83' lang='lat'><strong>19:</strong></span> <span class='ocrx_word' id='word_1_114' title='bbox 188 2243 241 2312; x_wconf 68' lang='lat' dir='ltr'><strong>A:</strong></span> <span class='ocrx_word' id='word_1_115' title='bbox 265 2244 356 2311; x_wconf 88' lang='lat' dir='ltr'><strong>addit</strong></span> <span class='ocrx_word' id='word_1_116' title='bbox 373 2248 450 2329; x_wconf 79' lang='lat' dir='ltr'><strong>post</strong></span> <span class='ocrx_word' id='word_1_117' title='bbox 472 2242 585 2310; x_wconf 78' lang='lat' dir='ltr'><strong>‘libros</strong></span> <span class='ocrx_word' id='word_1_118' title='bbox 603 2243 784 2330; x_wconf 88' lang='lat' dir='ltr'><strong>quattuor&#39;:</strong></span> <span class='ocrx_word' id='word_1_119' title='bbox 808 2245 849 2310; x_wconf 89' lang='lat' dir='ltr'><strong>ad</strong></span> <span class='ocrx_word' id='word_1_120' title='bbox 863 2243 1019 2310; x_wconf 83' lang='lat' dir='ltr'><strong>Severum</strong></span> <span class='ocrx_word' id='word_1_121' title='bbox 1033 2245 1107 2332; x_wconf 85' lang='lat' dir='ltr'><strong>etc.)</strong></span> 
     </span>
     <span class='ocr_line' id='line_1_23' title="bbox 64 2329 995 2421; baseline 0.002 -22"><span class='ocrx_word' id='word_1_122' title='bbox 64 2411 69 2418; x_wconf 39' lang='lat'>‚</span> <span class='ocrx_word' id='word_1_123' title='bbox 90 2335 150 2400; x_wconf 83' lang='lat'><strong>20:</strong></span> <span class='ocrx_word' id='word_1_124' title='bbox 175 2331 222 2418; x_wconf 83' lang='lat' dir='ltr'><strong>(V</strong></span> <span class='ocrx_word' id='word_1_125' title='bbox 222 2358 244 2400; x_wconf 91' lang='lat'><strong>.:</strong></span> <span class='ocrx_word' id='word_1_126' title='bbox 268 2333 307 2398; x_wconf 87' lang='lat' dir='ltr'><strong>de</strong></span> <span class='ocrx_word' id='word_1_127' title='bbox 331 2333 440 2399; x_wconf 83' lang='lat' dir='ltr'><strong>officio</strong></span> <span class='ocrx_word' id='word_1_128' title='bbox 463 2331 560 2418; x_wconf 80' lang='lat' dir='ltr'><strong>Dei).</strong></span> <span class='ocrx_word' id='word_1_129' title='bbox 581 2371 624 2380; x_wconf 95' lang='lat'><em>-</em></span> <span class='ocrx_word' id='word_1_130' title='bbox 649 2329 717 2419; x_wconf 88' lang='lat' dir='ltr'><strong>(V.:</strong></span> <span class='ocrx_word' id='word_1_131' title='bbox 741 2332 995 2421; x_wconf 86' lang='lat' dir='ltr'><strong>formationem).</strong></span> 
     </span>
    </p>

    <p class='ocr_par' dir='ltr' id='par_1_17' title="bbox 87 2419 472 2508">
     <span class='ocr_line' id='line_1_24' title="bbox 87 2419 472 2508; baseline -0.005 -20"><span class='ocrx_word' id='word_1_132' title='bbox 87 2423 147 2488; x_wconf 80' lang='lat'><strong>22:</strong></span> <span class='ocrx_word' id='word_1_133' title='bbox 172 2419 242 2508; x_wconf 90' lang='lat' dir='ltr'><strong>(V.:</strong></span> <span class='ocrx_word' id='word_1_134' title='bbox 264 2422 301 2486; x_wconf 92' lang='lat' dir='ltr'><strong>in</strong></span> <span class='ocrx_word' id='word_1_135' title='bbox 324 2419 472 2507; x_wconf 82' lang='lat' dir='ltr'><strong>Gallias).</strong></span> 
     </span>
    </p>

    <p class='ocr_par' dir='ltr' id='par_1_18' title="bbox 85 2507 1108 2687">
     <span class='ocr_line' id='line_1_25' title="bbox 88 2507 461 2597; baseline 0 -21"><span class='ocrx_word' id='word_1_136' title='bbox 88 2511 149 2577; x_wconf 79' lang='lat'><strong>24:</strong></span> <span class='ocrx_word' id='word_1_137' title='bbox 172 2509 358 2577; x_wconf 72' lang='lat' dir='ltr'><strong>Palestinae</strong></span> <span class='ocrx_word' id='word_1_138' title='bbox 381 2507 461 2597; x_wconf 82' lang='lat' dir='ltr'><strong>(V.)</strong></span> 
     </span>
     <span class='ocr_line' id='line_1_26' title="bbox 85 2597 1108 2687; baseline 0.002 -22"><span class='ocrx_word' id='word_1_139' title='bbox 85 2599 149 2665; x_wconf 77' lang='lat'><strong>26:</strong></span> <span class='ocrx_word' id='word_1_140' title='bbox 173 2620 245 2666; x_wconf 90' lang='lat' dir='ltr'><strong>cum</strong></span> <span class='ocrx_word' id='word_1_141' title='bbox 255 2597 406 2684; x_wconf 88' lang='lat' dir='ltr'><strong>Pampilo</strong></span> <span class='ocrx_word' id='word_1_142' title='bbox 421 2597 505 2686; x_wconf 84' lang='lat' dir='ltr'><strong>(com</strong></span> <span class='ocrx_word' id='word_1_143' title='bbox 514 2597 693 2682; x_wconf 71' lang='lat' dir='ltr'><strong>Pamptoio:</strong></span> <span class='ocrx_word' id='word_1_144' title='bbox 717 2598 923 2685; x_wconf 69' lang='lat' dir='ltr'><strong>‘Pamphylo’</strong></span> <span class='ocrx_word' id='word_1_145' title='bbox 938 2621 998 2666; x_wconf 88' lang='lat' dir='ltr'><strong>err.</strong></span> <span class='ocrx_word' id='word_1_146' title='bbox 1016 2601 1108 2687; x_wconf 83' lang='lat' dir='ltr'><strong>typ.)</strong></span> 
     </span>
    </p>
   </div>
   <div class='ocr_carea' id='block_1_4' title="bbox 528 2755 663 2826">
    <p class='ocr_par' dir='ltr' id='par_1_19' title="bbox 528 2755 663 2826">
     <span class='ocr_line' id='line_1_27' title="bbox 528 2755 663 2826; baseline 0.015 -16"><span class='ocrx_word' id='word_1_147' title='bbox 528 2755 599 2826; x_wconf 65' lang='lat' dir='ltr'><strong>Pac.</strong></span> <span class='ocrx_word' id='word_1_148' title='bbox 620 2761 663 2812; x_wconf 87' lang='lat'><strong>51.</strong></span> 
     </span>
    </p>
   </div>
   <div class='ocr_carea' id='block_1_5' title="bbox 105 2861 1105 3478">
    <p class='ocr_par' dir='ltr' id='par_1_20' title="bbox 108 2861 1105 3035">
     <span class='ocr_line' id='line_1_28' title="bbox 108 2861 1105 2949; baseline 0.001 -18"><span class='ocrx_word' id='word_1_149' title='bbox 108 2867 146 2932; x_wconf 82' lang='lat'><strong>2:</strong></span> <span class='ocrx_word' id='word_1_150' title='bbox 171 2869 383 2945; x_wconf 79' lang='grc' dir='ltr'>εὑγ·γελικηε</span> <span class='ocrx_word' id='word_1_151' title='bbox 407 2869 578 2933; x_wconf 80' lang='grc' dir='ltr'>αποδιξεοε</span> <span class='ocrx_word' id='word_1_152' title='bbox 601 2861 670 2949; x_wconf 87' lang='lat' dir='ltr'><strong>(V.:</strong></span> <span class='ocrx_word' id='word_1_153' title='bbox 694 2866 902 2942; x_wconf 81' lang='grc' dir='ltr'>ευαγγελικηε</span> <span class='ocrx_word' id='word_1_154' title='bbox 925 2867 1105 2932; x_wconf 78' lang='grc' dir='ltr'>αποδιξεοε.</span> 
     </span>
     <span class='ocr_line' id='line_1_29' title="bbox 168 2959 680 3035; baseline -0.004 -15"><span class='ocrx_word' id='word_1_155' title='bbox 168 2959 680 3035; x_wconf 63' lang='lat' dir='ltr'><strong>suot·tch:xscnooncoccxsuvc·</strong></span> 
     </span>
    </p>

    <p class='ocr_par' dir='ltr' id='par_1_21' title="bbox 107 3040 1103 3198">
     <span class='ocr_line' id='line_1_30' title="bbox 107 3040 1103 3127; baseline -0.004 -17"><span class='ocrx_word' id='word_1_156' title='bbox 107 3043 146 3110; x_wconf 90' lang='lat'><strong>3:</strong></span> <span class='ocrx_word' id='word_1_157' title='bbox 171 3041 389 3127; x_wconf 67' lang='lat' dir='ltr'><strong>‘teocooecog</strong></span> <span class='ocrx_word' id='word_1_158' title='bbox 419 3043 496 3109; x_wconf 90' lang='lat' dir='ltr'><strong>libri</strong></span> <span class='ocrx_word' id='word_1_159' title='bbox 527 3040 575 3108; x_wconf 84' lang='lat' dir='ltr'><strong>V’</strong></span> <span class='ocrx_word' id='word_1_160' title='bbox 610 3062 673 3106; x_wconf 90' lang='lat' dir='ltr'><strong>om.</strong></span> <span class='ocrx_word' id='word_1_161' title='bbox 732 3040 799 3126; x_wconf 92' lang='lat' dir='ltr'><strong>(V.:</strong></span> <span class='ocrx_word' id='word_1_162' title='bbox 830 3041 1033 3127; x_wconf 69' lang='lat' dir='ltr'><strong>cccccccccc).</strong></span> <span class='ocrx_word' id='word_1_163' title='bbox 1065 3079 1103 3090; x_wconf 90' lang='lat'>-</span> 
     </span>
     <span class='ocr_line' id='line_1_31' title="bbox 167 3131 394 3198; baseline 0 -2"><span class='ocrx_word' id='word_1_164' title='bbox 167 3131 394 3198; x_wconf 79' lang='lat' dir='ltr'><strong>eclesiasticae.</strong></span> 
     </span>
    </p>

    <p class='ocr_par' dir='ltr' id='par_1_22' title="bbox 105 3217 1009 3308">
     <span class='ocr_line' id='line_1_32' title="bbox 105 3217 1009 3308; baseline -0.003 -22"><span class='ocrx_word' id='word_1_165' title='bbox 105 3223 146 3286; x_wconf 86' lang='lat'><strong>4:</strong></span> <span class='ocrx_word' id='word_1_166' title='bbox 170 3217 239 3305; x_wconf 82' lang='lat' dir='ltr'><strong>(V.:</strong></span> <span class='ocrx_word' id='word_1_167' title='bbox 263 3219 492 3304; x_wconf 83' lang='lat' dir='ltr'><strong>cronicorum).</strong></span> <span class='ocrx_word' id='word_1_168' title='bbox 1005 3303 1009 3308; x_wconf 29' lang='grc'><strong>,</strong></span> 
     </span>
    </p>

    <p class='ocr_par' dir='ltr' id='par_1_23' title="bbox 106 3305 1105 3478">
     <span class='ocr_line' id='line_1_33' title="bbox 106 3305 1105 3395; baseline -0.005 -20"><span class='ocrx_word' id='word_1_169' title='bbox 106 3309 146 3377; x_wconf 89' lang='lat'><strong>5:</strong></span> <span class='ocrx_word' id='word_1_170' title='bbox 168 3308 344 3375; x_wconf 74' lang='lat' dir='ltr'><strong>historiam</strong></span> <span class='ocrx_word' id='word_1_171' title='bbox 372 3307 441 3395; x_wconf 86' lang='lat' dir='ltr'><strong>(V.:</strong></span> <span class='ocrx_word' id='word_1_172' title='bbox 469 3305 688 3373; x_wconf 88' lang='lat' dir='ltr'><strong>omnimodam</strong></span> <span class='ocrx_word' id='word_1_173' title='bbox 715 3305 910 3392; x_wconf 86' lang='lat' dir='ltr'><strong>historiam).</strong></span> <span class='ocrx_word' id='word_1_174' title='bbox 938 3341 980 3353; x_wconf 92' lang='lat'>-</span> <span class='ocrx_word' id='word_1_175' title='bbox 1014 3325 1105 3371; x_wconf 77' lang='lat' dir='ltr'><strong>ervo</strong></span> 
     </span>
     <span class='ocr_line' id='line_1_34' title="bbox 165 3403 510 3478; baseline 0 -14"><span class='ocrx_word' id='word_1_176' title='bbox 165 3417 235 3478; x_wconf 89' lang='grc' dir='ltr'><strong>μην.</strong></span> <span class='ocrx_word' id='word_1_177' title='bbox 258 3435 302 3445; x_wconf 93' lang='grc'>-</span> <span class='ocrx_word' id='word_1_178' title='bbox 326 3403 510 3478; x_wconf 80' lang='grc' dir='ltr'>διαφονιαν.</span> 
     </span>
    </p>
   </div>
   <div class='ocr_carea' id='block_1_6' title="bbox 0 0 1260 3794">
    <p class='ocr_par' dir='ltr' id='par_1_24' title="bbox 0 0 1260 3794">
     <span class='ocr_line' id='line_1_35' title="bbox 0 0 1260 3794; baseline 0 4"><span class='ocrx_word' id='word_1_179' title='bbox 0 0 1260 3794; x_wconf 95' lang='lat' dir='ltr'><strong> </strong></span> 
     </span>
    </p>
   </div>
  </div>
 </body>
</html>
