2522 3802
529 109 746 172 ,ῃ-

126 247 266 333 stitate’,
291 248 474 314 ‘adversum
497 247 632 334 gentes',
656 247 707 314 ‘de
729 249 969 315 comtructione
992 249 1142 314 taberna-

126 337 216 421 culi',
243 337 294 402 ‘de
313 339 460 423 gentium
479 335 741 415 conversatione',
765 335 815 402 ‘de
833 357 936 422 regno
950 336 1145 421 Persarum’,

128 425 182 492 ‘de
204 426 430 510 persecutione
454 423 738 492 Christianorum’.
783 423 974 510 Composuit
996 429 1029 490 et
1052 425 1145 492 chro-

130 515 227 579 nicon
249 514 385 580 minoris
405 513 533 597 quidem
548 512 745 578 Graecorum
764 513 975 593 curiositatis,
997 513 1053 579 sed
1076 537 1144 580 me·

128 603 208 668 ioris
241 602 392 686 fiduciae,
424 601 501 686 quia
530 601 715 674 divinarum
748 602 982 686 scripturarum
1014 605 1144 667 tantum
1181 617 1198 666 5

126 691 325 756 auctoritate
362 693 585 756 constructum
625 690 809 776 comprimit
841 711 898 755 ora
929 711 1055 774 eorum,
1088 691 1144 775 qui

127 782 400 864 praesumptuosa
427 778 611 862 suspicione
638 777 677 842 de
711 779 852 844 adventu
880 778 1065 844 antichristi
1092 779 1145 844 vel

126 865 263 932 Domini
284 867 390 932 nostri
411 867 553 932 inaniter
574 865 855 952 philosophantur.

217 954 358 1020 Moritur
389 955 441 1019 hio
477 955 512 1019 iu
540 952 724 1020 Constantii
751 955 955 1040 temporibus
987 960 1021 1020 et
1051 957 1143 1022 iuxta

125 1047 339 1127 praeceptum
363 1043 467 1127 patris
494 1043 563 1108 eius
596 1039 804 1108 Constantini
833 1045 921 1109 intra
950 1066 1059 1110 muros
1083 1044 1142 1110 Ni·
1163 1061 1196 1110 ιο

127 1132 200 1196 sibe
229 1131 383 1216 sepelitur
410 1132 452 1196 ob
481 1131 662 1198 custodiam
690 1129 841 1196 videlicet
868 1131 1024 1216 civitatis3
1057 1133 1143 1218 quod

127 1219 304 1284 secundum
332 1218 429 1285 fidem
452 1217 661 1285 Constantini
684 1221 801 1284 evenit
846 1217 931 1284 Nam
959 1225 1035 1304 post
1062 1222 1144 1286 mul·

127 1312 181 1372 tos
210 1329 315 1373 annos
343 1307 511 1392 ingressus
538 1306 685 1372 Iulianus
714 1307 853 1373 Nisiben
881 1311 914 1372 et
941 1309 990 1373 vel
1019 1309 1143 1394 gloriae

129 1395 249 1480 sepulti
272 1395 421 1460 invidens
444 1396 495 1460 vel
518 1395 592 1460 fidei
607 1393 830 1478 Constantini,
853 1396 943 1461 cuius
966 1397 1009 1462 ob
1032 1397 1066 1460 id
1090 1397 1144 1462 do-

128 1506 219 1550 mum
251 1483 519 1568 persequebatur,
549 1483 644 1550 iussit
673 1484 779 1550 efferri
809 1483 848 1548 de
878 1483 1009 1550 civitate
1040 1487 1197 1552 sanctiss

126 1572 274 1656 corporis
298 1571 469 1657 reliquias3
503 1575 536 1637 et
562 1577 639 1658 post
665 1594 786 1658 paucos
815 1593 943 1638 menses
978 1575 1144 1640 consulen-

126 1661 190 1724 ‹lae
221 1661 298 1726 licet
333 1681 431 1726 causa
461 1661 658 1746 reipublicae
690 1659 842 1727 Iovianus
873 1661 1061 1746 imperator,
1088 1663 1145 1748 qui

127 1747 257 1814 Iuliano
282 1752 499 1828 successerat,
522 1749 658 1814 tradidit
678 1749 827 1815 barbaris
851 1749 1030 1836 ciuitatem,
1062 1771 1144 1836 quae

128 1859 230 1923 usque
252 1837 349 1904 hodie
368 1837 541 1904 Persarum
564 1838 684 1904 dicioni
708 1860 782 1904 cum
800 1837 932 1904 finibus.
945 1840 1012 1904 suis
1036 1839 1143 1906 servit

542 2019 624 2110 Cap.
653 2019 730 2090 ΙΙΙ.
1163 2033 1197 2080 20

217 2156 331 2240 Iulius,
354 2155 445 2222 urbis
463 2155 587 2222 Romae
611 2156 788 2240 episcopus,
812 2155 943 2239 scripsit
962 2154 1003 2220 ad
1017 2153 1139 2241 Diony-

125 2247 212 2311 sium
231 2244 391 2330 quendam
405 2245 444 2310 de
458 2245 680 2311 incarnatione
694 2243 828 2310 Domini
843 2243 1017 2327 epistulam
1031 2266 1139 2329 unam,

126 2356 210 2420 quae
233 2333 290 2398 illo
314 2333 443 2418 quidem
465 2337 609 2418 tempore
627 2332 716 2398 utilis
738 2333 809 2398 visa
827 2335 878 2397 est
900 2332 1052 2398 adversus
1076 2353 1141 2416 eos,

125 2422 253 2508 qui-ita
276 2421 355 2486 duas
377 2443 436 2506 per
457 2421 716 2486 incarnationem
740 2421 930 2487 asserebant
951 2421 987 2487 in
1009 2419 1139 2488 Christo

126 2532 294 2594 personas,
317 2511 402 2575 sicut
424 2513 457 2574 ot
479 2514 622 2594 naturas,
641 2530 728 2574 nunc
742 2513 851 2576 autom
868 2511 1051 2595 perniciosa
1067 2533 1140 2595 pro·
1160 2525 1194 2574 25

127 2600 240 2664 betur:
268 2598 413 2664 fomento
438 2598 525 2664 enim
548 2603 598 2665 est
611 2599 837 2682 Eutychianae
861 2603 894 2665 et
908 2599 1142 2664 'timotheanae

126 2687 315 2773 impietatis.

553 2815 635 2908 Cap.
664 2817 718 2887 II.

218 2951 382 3018 Paulonas
404 2952 584 3038 presbyter,
607 2952 784 3038 discipulus
807 2951 895 3017 beati
910 2949 1054 3036 Ephrem
1078 2951 1198 3029 dia„

128 3042 220 3125 coni,
241 3042 340 3107 homo
365 3041 447 3106 acris
470 3040 564 3106 valde
586 3043 712 3129 ingenii
735 3041 820 3107 etin
839 3039 955 3106 divinis
975 3041 1143 3126 scripturis
1162 3055 1197 3104 ³0

198 3223 214 3271 8
233 3215 288 3270 hoc
301 3175 364 3270 lbco
378 3216 482 3272 desinit
495 3218 603 3286 capntl
621 3217 651 3271 in
665 3217 804 3273 Vaticano
841 3221 875 3270 10
885 3215 1026 3271 Norimb.=
1046 3213 1126 3268 iuxta

126 3287 237 3342 Bamb:
259 3285 393 3352 Nisiben;
411 3287 550 3342 Norimb.:
570 3287 704 3343 Nisibene
805 3293 838 3342 19
856 3285 997 3341 Norimb‚=
1017 3284 1144 3341 subiecta

124 3358 213 3414 servit
281 3363 316 3413 26
334 3357 433 3412 Bamb.
453 3359 482 3413 et
494 3357 635 3414 Norimb.:
653 3357 810 3413 fomentum
