2512 3794
492 135 710 200 „25-

90 273 205 342 Prisco
228 274 385 361 Bacchis,
408 297 467 360 pro
491 276 650 363 religione
673 274 796 342 Christi
819 277 994 362 plurimum
1016 279 1107 345 labo·

90 364 191 448 ravit,
213 364 249 430 in
271 367 402 430 tantum
424 367 462 430 nt
475 365 645 431 Antonino
669 386 795 450 quoque
809 365 868 432 Pio
891 371 925 433 et
942 366 1019 432 filiis
1038 367 1107 432 eius

91 455 125 518 et
149 453 277 518 senatui
299 452 420 518 librum
447 455 563 518 contra
585 456 699 539 gentes
723 453 880 538 scripturn
902 455 995 520 daret
1016 456 1107 541 igno·

91 541 295 627 miniamue
322 541 429 607 crucis
456 562 525 607 non
547 542 762 627 erubesceret,
793 545 828 607 et
859 541 960 608 alium
986 544 1107 609 librum

91 629 334 696 successoribus
348 629 492 695 eiusdem
506 627 695 716 Antoninis,
708 629 820 698 Marco
836 631 1005 697 Antonino
1018 631 1107 698 Vero
1125 653 1142 702 e

90 721 125 782 et
146 717 247 784 Lucio
266 717 403 783 Aurelio
423 715 613 784 Commodo.
648 717 770 784 Exstat
792 719 860 784 eius
884 722 917 784 et
939 719 1028 785 aliud
1050 741 1106 786 vo-

92 805 205 872 lumen
234 809 348 896 contra
374 810 502 892 gentes,
530 807 588 872 ubi
615 807 654 872 de
682 807 876 874 daemonnm
900 829 1026 893 quoque
1049 829 1106 874 na-

88 899 166 960 tura
187 893 347 978 disputat,
375 898 409 959 et
432 898 584 980 quartum
607 895 778 962 adversum
823 899 929 982 entes,
956 897 1008 962 cui
1031 897 1106 962 titu-

87 983 159 1048 lum
181 982 388 1068 praenotavit
410 985 557 1068 ἔλεγχος,
585 983 643 1049 sed
671 987 705 1050 et
733 916 823 1050 aliud
849 985 889 1050 dc
916 985 1108 1052 monarchia

89 1070 166 1156 Dei,
189 1075 223 1136 et
245 1071 329 1136 alius
351 1071 434 1136 liber
456 1093 552 1156 quem
575 1073 780 1157 praenotavit
802 1069 942 1160 ψάλτην,
966 1077 1000 1138 et
1021 1075 1104 1140 alius
1125 1099 1159 1148 10

88 1159 128 1225 dc
158 1161 283 1244 anima,
310 1163 343 1224 et
371 1159 521 1246 dialogus
549 1163 666 1226 contra
687 1159 840 1247 Iudaeos,
867 1183 962 1247 quem
988 1162 1105 1228 habuit

88 1247 260 1314 adversum
290 1247 515 1334 'It-yphonem,
546 1249 726 1334 principem
748 1249 955 1334 Iudaeorum,
988 1251 1044 1316 sed
1072 1255 1106 1316 et

87 1340 203 1403 contra
222 1335 420 1402 Marcionem
439 1337 583 1422 insignia
600 1337 777 1423 volumina,
795 1359 933 1424 quorum
951 1335 1102 1404 Irenaeus

88 1445 218 1512 quoque
241 1425 277 1489 in
301 1429 418 1510 quarto
442 1423 595 1490 adversus
619 1427 749 1492 hereses
778 1426 863 1491 libro
886 1425 1048 1511 meminit3
1071 1429 1104 1491 et

87 1513 172 1579 slius
195 1511 278 1578 liber
301 1518 415 1579 contra
438 1535 551 1580 omnes
573 1514 719 1598 hereses,
747 1513 838 1580 cuius
861 1514 942 1579 facit
964 1513 1101 1580 mentio·
1123 1541 1157 1589 15

86 1624 163 1668 nem
186 1602 221 1666 in
244 1601 351 1686 Apulo
375 1602 472 1687 etico,
500 1623 596 1687 quem
621 1602 710 1668 dedit
732 1601 901 1668 Antonino
923 1601 993 1668 Pio.
1038 1601 1102 1668 Hic

86 1712 161 1756 oum
191 1691 227 1754 in
250 1690 329 1756 urbe
352 1623 459 1756 {oms
485 1688 621 1756 haberet
643 1687 816 1778 διατριβάς
838 1695 872 1756 et
895 1689 1103 1758 Crescentem

86 1779 253 1864 cynicum,
275 1779 331 1864 qui
354 1779 458 1844 multa
481 1779 652 1845 adversum
671 1777 875 1846 Christianos
898 1780 1102 1864 blasphema-

86 1868 160 1951 bat,
183 1867 392 1952 redargueret
415 1867 566 1953 gulosum
589 1872 623 1934 et
641 1869 756 1934 mortis
774 1869 925 1934 timidum
943 1869 1103 1934 luxuriae·

86 1977 149 2042 que
172 1976 210 2019 ac
228 1954 401 2020 libidinum
420 1960 629 2040 sectatorom,
648 1956 689 2022 ad
707 1960 887 2022 extremum
907 1957 1015 2022 studio
1034 1958 1103 2022 eius
1122 1983 1158 2032 20

85 2047 120 2109 et
137 2043 265 2108 insidiis
280 2047 451 2110 accusatus
471 2043 558 2130 quod
573 2043 780 2111 Christianus
796 2048 883 2110 esset
897 2066 956 2128 pro
972 2041 1104 2110 Christo

90 2132 287 2218 sanguinem
308 2132 401 2198 fudit

428 2355 431 2360 Ι
467 2260 551 2352 cap.
582 2252 729 2331 xxru

177 2396 485 2481 Molitus'Asianus,
507 2396 678 2464 Ssrdensis
702 2397 883 2484 episcopus,
905 2397 1024 2466 librum
1047 2399 1104 2465 im·

86 2487 233 2570 peratori
256 2484 367 2552 Marco
390 2485 560 2552 Antonino
583 2485 685 2566 Vere,
713 2485 769 2572 qui
791 2485 966 2554 Frontonis
996 2492 1103 2554 orato-
1122 2511 1157 2561 ao

85 2575 131 2640 ris
169 2575 346 2658 discipulus
382 2575 460 2660 fuit,
496 2597 556 2660 pro
591 2573 777 2646 Christiano
814 2576 968 2662 dogmate
1006 2577 1103 2643 dedit.
1221 2641 1227 2646 .

86 2663 227 2748 Scripsit
249 2684 376 2748 quoque
400 2667 434 2729 et
456 2663 537 2748 alia,
555 2662 595 2728 de
614 2664 731 2750 quibus
750 2665 909 2730 istasunt
928 2686 1009 2749 quae
1028 2664 1103 2730 sub-

84 2751 235 2818 iecimus:
264 2751 303 2816 ds
329 2751 452 2836 pascha
478 2752 580 2818 libros
607 2751 685 2832 duo,
713 2753 752 2818 de
780 2753 848 2818 vita
869 2753 1102 2836 prophetarum

84 2840 205 2906 librum
229 2862 343 2924 unum,
371 2839 409 2905 de
433 2841 484 2904 die
508 2840 670 2906 dominica
691 2840 811 2905 librum
834 2862 948 2924 unum,
977 2840 1102 2906 deiide

85 2929 205 2994 librum
228 2949 342 3013 unum,
370 2928 410 2994 dc
431 2929 517 3013 plasi
539 2929 658 2994 librum
681 2951 796 3010 unum,
826 2927 867 2993 de
890 2929 1039 2996 sensibus
1062 2931 1101 2996 li·
1121 2955 1156 3004 30

85 3018 181 3082 brum
208 3038 325 3100 unum,
357 3017 397 3082 ds
429 3019 537 3082 anima
564 3021 597 3082 et
623 3037 757 3101 corpore
781 3016 900 3082 librum
924 3041 1040 3102 unum,
1063 3021 1102 3086 de

86 3106 285 3190 baptismate
307 3105 427 3170 librum
449 3127 563 3191 unum,
591 3101 631 3171 de
653 3103 827 3190 φιλοξενία
854 3105 973 3174 librum
996 3129 1104 3190 unum,

158 3249 192 3298 14
212 3243 263 3298 al:
280 3245 311 3298 in
330 3244 443 3314 quint03
463 3245 498 3300 ci.
518 3243 627 3314 iligna,
645 3251 670 3300 8.
690 3244 787 3300 adnot
870 3252 904 3302 27
923 3245 973 3303 al:
992 3245 1063 3300 duos

87 3319 122 3368 2⁰
139 3315 195 3370 hoc
214 3315 278 3370 loco
296 3315 347 3370 alii
365 3315 484 3370 addunt:
507 3314 543 3370 de
561 3315 681 3370 ecclesia
698 3315 802 3370 librum
820 3333 908 3370 unum
997 3321 1032 3368 30
1050 3315 1102 3370 als

87 3383 122 3439 de
139 3385 281 3454 plasmate
391 3391 426 3440 32
444 3384 500 3440 hoo
518 3385 581 3440 loco
600 3384 650 3439 alii
668 3384 789 3440 addente
807 3385 842 3440 de
861 3385 981 3438 veritate
998 3383 1102 3437 librum
