2512 3794
551 104 769 168 ..10-

149 242 244 327 titur,
270 244 511 328 consequitur
538 245 747 331 septuaginta
770 246 1004 311 translatorum
1027 245 1174 311 auotori-

149 336 264 416 tatem,
292 333 348 398 sed
370 332 565 400 hebraicam.
610 333 639 398 Ε
668 334 786 419 quibus
814 334 872 398 illa
900 333 965 398 duo
993 338 1086 400 sunt:
1117 334 1171 399 ‘ex

149 422 435 576 ffiyffiryocayi
448 421 568 488 Filium
586 421 716 505 meum',
734 427 778 505 et,
798 421 963 506 ‘quoniam
977 421 1170 488 Nazaraeos

97 618 114 667 s
488 571 491 578 ¹
572 601 654 692 Cup.
675 602 743 674 IV.

239 741 344 827 Iudas,
363 741 463 806 frater
476 737 596 820 Iacobi,
610 762 746 823 parvam
761 763 842 826 quae
857 742 897 806 de
911 744 1037 826 septem
1052 741 1168 807 catho-

149 829 221 932 licis
245 834 295 895 est
317 829 490 914 epistulam
513 829 662 931 reliquit..
697 829 742 894 Et
765 831 843 932 quia
861 829 908 932 ,de
932 829 1017 896 libro
1040 828 1172 933 Enoch,

150 917 1171 1074 ‘³¹¹³-es“cessasseslazurericus

98 1103 131 1153 10
149 1027 325 1158 illicitet
346 1093 432 1158 inter
455 1097 583 1159 sanctas
608 1096 787 1180 scripturas
811 1099 1027 1180 computatur.

585 1277 667 1370 Cap.
695 1277 733 1350 V.

239 1412 358 1478 Paulus
373 1415 552 1500 apostolus,
571 1416 626 1500 qui
645 1419 722 1481 aute
741 1413 867 1498 Saulus,
886 1419 978 1481 extra
995 1437 1171 1482 numerum

150 1501 320 1566 duodecim
348 1503 568 1586 apostolorum
600 1505 639 1569 de
666 1505 754 1569 tribu
781 1503 953 1568 Beniamin
981 1508 1015 1570 et
1046 1505 1169 1589 oppido

150 1589 294 1656 Judaeae
327 1589 465 1656 (liscalis
502 1592 578 1674 fuit,
616 1615 680 1678 quo
713 1615 733 1657 a
764 1592 922 1657 Romanis
960 1596 1055 1676 capto
1094 1615 1169 1659 cum

98 1689 131 1737 15
150 1679 340 1762 parentibus
356 1681 422 1744 suis
436 1680 572 1744 Tarsum
587 1678 719 1746 Ciliciae
738 1681 974 1767 commigravit.
1005 1682 1036 1746 A
1050 1683 1168 1768 quibus

150 1766 191 1832 ob
211 1768 319 1832 studia
333 1768 415 1854 legis
435 1770 553 1834 missus
573 1769 834 1853 Hierosolymam
851 1791 871 1833 a
890 1769 1079 1854 Gamaliele,
1097 1773 1168 1837 viro

149 1854 352 1940 doctissimo,
380 1858 470 1923 euius
494 1857 599 1924 Lucas
622 1858 783 1940 meminit,
811 1858 956 1924 eruditus
979 1861 1038 1924 est
1085 1858 1169 1926 Cum

150 1947 258 2009 autem
273 1945 475 2011 interfuisset
493 1949 564 2012 neci
583 1947 738 2031 martyris
758 1944 915 2031 Stephani
939 1951 972 2011 et
985 1948 1127 2032 acceptis
1147 1971 1167 2013 a

149 2033 303 2118 pontifice
313 2034 427 2118 templi
442 2035 590 2121 epistulis
602 2036 643 2101 ad
652 2035 890 2121 persequendos
901 2057 956 2102 eos
968 2036 1023 2120 qui
1034 2035 1165 2102 Christo

96 2131 131 2180 20
150 2121 354 2187 crediderant
371 2121 568 2190 Damascum
588 2127 746 2209 pergeret,
761 2124 958 2191 revelatione
978 2125 1167 2209 compulsus

151 2210 192 2275 sd
205 2210 300 2275 fidem
311 2232 394 2295 quae
408 2212 442 2276 in
457 2215 538 2279 actis
553 2213 774 2298 apostolorum
790 2213 950 2297 scribitur,
963 2214 998 2278 in
1012 2235 1071 2278 vas
1086 2215 1168 2280 elec

149 2299 249 2364 tionis
268 2300 307 2364 de
330 2306 536 2385 persecutore
557 2303 737 2368 translatus
761 2307 820 2368 est.
857 2299 1002 2388 Cumque
1024 2303 1167 2387 primum

150 2386 191 2452 ad
204 2387 476 2472 praedicationem
496 2391 564 2455 eius
580 2390 711 2477 Sergius
726 2391 854 2477 Paulus,
870 2391 1044 2475 proconsul
1058 2388 1168 2476 Cypri,

150 2475 351 2562 credidisset,
379 2479 420 2544 ab
446 2500 498 2563 eo,
527 2480 612 2563 quod
637 2501 710 2544 eum
733 2479 856 2545 Christi
879 2479 953 2544 fidei
977 2479 1168 2565 subiecerat,

97 2574 131 2622 2⁶
151 2565 283 2630 sortitus
297 2571 347 2631 est
356 2587 475 2632 nomen
490 2572 523 2632 et
532 2569 647 2652 juncto
663 2568 727 2632 sibi
740 2567 896 2634 Bernaba
905 2567 1016 2634 multis
1030 2569 1165 2636 urbibus

149 2657 331 2739 peragratis
357 2660 521 2722 revertens
538 2655 801 2741 Hierosolymam
826 2656 972 2739 aPetro,
994 2657 1113 2722 Iacobo
1133 2663 1166 2724 et

149 2741 295 2810 Iohanne
328 2746 475 2829 gentium
507 2745 673 2829 apostolus
711 2745 887 2812 ordinatur.
941 2744 987 2811 Et
1019 2747 1095 2830 quia
1133 2749 1167 2814 in

151 2833 231 2898 actis
266 2834 486 2918 apostolorum
524 2833 711 2918 plenissime
743 2833 783 2900 de
816 2836 885 2900 eius
918 2836 1162 2902 conversatione

151 2922 385 3007 scriptumest,
408 2923 468 2990 hoc
491 2925 620 2988 tantum
639 2924 754 3008 dicam,
777 2923 864 3008 quod
886 2927 963 3008 post
979 2924 1165 3008 passionem

223 3085 238 3134 6
253 3079 364 3136 Bamb.=
379 3096 497 3149 parvam
510 3096 610 3148 unam3
625 3080 765 3136 Norimb.=
779 3095 864 3135 unam
878 3095 996 3149 parvam
1037 3083 1054 3134 8
1069 3078 1165 3136 Bamb.

152 3151 182 3206 et
199 3150 338 3238 Norimb3:
356 3151 387 3205 in
401 3167 435 3205 ea
452 3150 570 3206 soeumit
623 3157 658 3233 ιο
672 3149 769 3231 Bamb.
789 3152 823 3232 et,
834 3149 915 3206 Bern.
935 3152 965 3230 et
977 3149 1117 3232 Norimb.:
1135 3155 1167 3232 ut

153 3224 384 3352 {ntcoertngggggur
406 3220 737 3348 mrssrayysseteffiffl
752 3218 1021 3370 dioilldnrriliaditibhliil
1068 3225 1166 3346 sigelli

153 3367 305 3440 subegerat
374 3371 408 3422 26
427 3363 490 3420 Vat.
509 3367 539 3418 et
555 3360 629 3418 Bern
647 3361 676 3414 et
693 3359 834 3414 Nonmb.:
852 3361 1052 3426 revertensque
