2512 3794
469 117 691 182 -31-

71 259 341 362 praecipuuche
356 257 510 324 advertus
523 255 723 324 Marcionem
743 277 834 344 opus,
848 261 882 326 in
901 280 965 345 qno
978 260 1087 346 refert,

72 346 232 432 quomodo
250 347 315 432 ipsa
337 355 466 432 quoque
488 347 574 412 inter
596 367 631 412 aa
654 345 865 413 Marcionitae
895 349 1087 436 discrepent,

71 441 102 502 et
132 435 274 520 Apellen
305 455 430 516 senem,
462 435 562 500 alium
593 435 784 515 hereticum,
812 458 832 501 a
860 458 894 502 se
923 438 1086 524 quondam

70 523 169 590 luisse
200 527 397 590 conventum
429 526 463 588 et
497 524 578 590 risui
608 524 756 590 habitum
793 545 831 590 co
859 527 945 610 qnod
972 525 1087 611 Deum,

70 633 163 698 quem
187 613 316 692 coleret,
338 612 489 698 ignorare
512 633 547 677 se
570 611 695 678 dixerit.
740 611 891 678 Meminit
912 614 948 678 in
973 614 1121 680 eodemt

69 701 150 768 libro
174 721 271 786 qaam
292 701 424 785 scripsit
441 699 482 765 ad
502 695 735 784 Oallistimem,
758 701 891 766 Tatiani
909 723 943 767 se
962 703 1086 768 Romae

69 790 167 856 fuisse
184 789 373 855 auditorem.
410 786 473 854 Sed
492 792 525 854 et
542 789 578 853 in
595 788 801 856 hexamer-um
820 791 985 878 elegantes
1002 794 1086 856 trac·

68 883 156 943 tabas
169 878 362 963 composuit,
388 880 422 966 et
435 877 587 942 adversas
601 875 832 964 cataphrygas
849 879 977 966 insigne
990 901 1085 966 opus3
1113 877 1116 885 '

68 967 332 1052 tenporibusque
355 964 525 1032 Commodi
547 970 582 1030 et
604 965 713 1032 Severi
736 967 853 1033 floruit.

405 1145 487 1238 cap.
515 1145 748 1219 xxxviii.
1104 1167 1138 1218 ιο

155 1282 320 1368 Clemens,
348 1284 588 1349 Alexandrinae
611 1283 767 1349 ecclesiae
795 1283 979 1370 presbyter,
1001 1285 1085 1351 Pan·

68 1374 164 1457 taani,
178 1373 218 1438 de
232 1393 297 1458 quo
311 1393 409 1456 supra
423 1373 617 1456 rettulimus,
631 1372 761 1437 auditor
773 1375 849 1456 post
862 1374 931 1437 eius
946 1377 1084 1438 mortem

66 1462 284 1527 Alexandriae
312 1460 456 1526 scholam
488 1461 594 1526 tenuit
621 1466 654 1525 et
685 1456 899 1545 κατηχήσεων
928 1461 1085 1546 magister

64 1549 136 1616 fuit.
177 1548 340 1615 Feruntur
362 1549 432 1614 eius
450 1549 592 1635 insignia
613 1549 779 1616 volumina
797 1549 956 1634 plenaque
980 1550 1083 1614 erudi·

62 1639 163 1704 tionis
178 1643 276 1724 atque
290 1638 493 1724 eloquentiae
511 1644 580 1702 tam
594 1637 633 1702 de
648 1639 816 1723 scripturis
834 1637 965 1723 divinis,
984 1661 1082 1724 quam
1103 1657 1136 1706 rc

63 1727 102 1792 ds
126 1727 302 1792 maculatis
330 1728 532 1792 litteraturae
556 1728 783 1792 instrumento.
830 1726 857 1794 ll
886 1727 1002 1812 quibus
1025 1727 1084 1794 illa

63 1819 154 1880 sunt:
183 1825 385 1900 στρωματεῖς
406 1815 483 1880 libri
506 1813 596 1894 VIII,
618 1809 867 1882 ὑποτυπώσεων
894 1817 969 1882 libri
993 1816 1084 1899 VIII,

62 1904 217 1969 adversus
241 1908 356 1988 gentes
379 1903 461 1970 liber
483 1925 581 1986 unus,
609 1903 648 1968 de
671 1904 793 1969 ieiunio
816 1905 1023 1988 disceptatio,
1051 1911 1083 1970 et

62 1993 146 2058 alius
170 1993 262 2074 liber,
286 1993 343 2078 qui
365 1991 565 2058 inscribitur:
590 1993 740 2076 quisnam
762 1991 817 2056 ille
840 1993 929 2057 dives
953 1993 1004 2074 sit,
1027 1995 1082 2077 qui

61 2082 219 2166 salvetur;
255 2081 294 2145 dc
322 2081 558 2146 obtrectatione
589 2079 672 2146 liban
704 2101 803 2163 unus,
835 2077 874 2144 de
901 2079 1081 2146 canonibus
1100 2099 1134 2149 no

61 2169 290 2236 ecclesiasticis
305 2175 338 2234 et
352 2169 523 2234 adversum
540 2190 604 2252 eos,
622 2168 676 2254 qui
691 2167 884 2234 Iudaeorum
904 2171 1082 2252 sequuntur

60 2279 214 2342 errorem,
236 2258 319 2324 liber
337 2280 430 2344 unus,
453 2257 696 2364 quamproprie
715 2255 911 2340 Alexandro,
929 2255 1081 2322 Hieroso-

60 2347 225 2432 lymorum
249 2347 401 2432 episcopo
424 2361 698 2433 προσεφωνησεν.
743 2343 894 2410 Meminit
916 2349 1024 2412 autem
1047 2346 1082 2412 in

58 2435 275 2502 stromatibus
309 2437 377 2502 suis
410 2435 540 2500 Tatiani
573 2433 743 2502 adversum
775 2439 902 2520 gentes,
939 2434 978 2500 de
1018 2457 1081 2520 quo

58 2547 159 2610 supra
193 2523 346 2609 diximus,
378 2527 411 2590 at
443 2521 591 2591 Cassiani
624 2523 791 2590 cuiusdam
820 2527 1082 2610 χρονογραφίας,
1101 2542 1134 2591 nc

58 2613 146 2698 quod
179 2614 371 2698 opusculum
408 2613 553 2678 invenire
584 2634 653 2678 non
682 2613 783 2696 potui.
837 2609 906 2677 Nec
938 2633 1006 2677 non
1042 2611 1081 2676 dc

56 2701 187 2768 ludaeis
212 2701 436 2768 Aristobulum
460 2701 620 2788 quendam
644 2704 677 2766 et
694 2699 895 2766 Demetrium
920 2703 953 2764 et
969 2697 1080 2784 Eupo-

55 2789 190 2876 lemnm,
213 2791 387 2875 scriptores
406 2789 577 2856 adversum
596 2793 719 2875 gentes,
736 2790 845 2873 refert,
867 2787 923 2873 qui
940 2787 975 2852 in
993 2787 1081 2852 simi-

55 2879 230 2944 litudinem
266 2877 397 2964 Iosephi
429 2866 677 2963 ,ἆρχὶιιολογίαν
720 2875 827 2960 Moysi
863 2879 897 2940 et
936 2875 1081 2944 iudaicae

56 2969 169 3054 gentis
192 2969 398 3034 asseruerint.
434 2967 554 3033 Exstat
571 2963 759 3050 Alexandri,
777 2963 1079 3050 Hierosolymorum
1099 2987 1134 3037 30

55 3057 215 3142 episcopi,
252 3058 307 3142 qui
345 3079 418 3122 cum
450 3055 605 3122 Narcisso
637 3059 752 3142 postea
783 3054 867 3121 rexit
903 3055 1080 3140 ecclesiam,

130 3237 144 3286 1
165 3230 246 3287 vata
265 3229 343 3302 qnod
424 3230 566 3286 ⁷Bamb.:
586 3229 744 3284 adiutorem
819 3235 852 3284 14
867 3229 947 3285 Vat.:
966 3229 1080 3282 fuerunt

56 3307 89 3357 18
110 3301 163 3359 alii
180 3303 236 3358 boc
253 3302 317 3358 loco
336 3302 458 3358 addunt:
476 3299 639 3372 Paedagogi
658 3300 724 3355 libri
742 3301 809 3367 tres,
828 3300 863 3354 da
880 3298 989 3368 pascha
1006 3297 1079 3352 liber

54 3390 128 3429 uuus
203 3379 238 3428 24
256 3374 306 3430 al:
325 3371 476 3428 voluminis
496 3371 611 3427 Tatiani
684 3375 717 3426 w
737 3371 787 3426 alr
805 3365 1006 3438 cazarorum
