2522 3802
536 132 573 143 ...
621 96 663 162 87
712 132 750 143 -

505 239 587 332 cap.
619 238 783 312 xxxv.

218 375 380 443 Eusebius
409 376 540 462 scripsit
562 375 613 442 ‘de
640 377 745 442 crucis
766 373 900 444 Domini
927 375 1092 461 mysterio’
1116 381 1149 443 et

130 465 354 550 apostolorum
371 465 606 550 praecipueque
625 463 714 530 Petri
736 465 920 532 constantia
941 465 1060 532 virtute
1079 487 1148 531 cru·

128 555 177 620 eis
201 553 343 638 indepta.

489 645 572 735 Cup.
603 643 791 718 XXXVI.
1166 659 1183 707 s

219 779 418 868 Vigilantius
445 783 626 868 presbyter,
652 781 786 848 natione
815 779 940 866 Gallus,
967 779 1148 865 Hispaniae

128 867 375 935 Barcelonensis
405 871 577 954 parochiae
600 870 767 936 ecclesiam
789 870 904 935 tenuit.
950 867 1088 954 Scripsit
1115 874 1148 935 et

126 959 200 1042 ipse
222 957 291 1024 zelo
315 957 444 1044 quidem
466 959 632 1044 religionis
656 959 777 1044 aliqua,
801 959 856 1024 sed
879 957 983 1024 victus
1005 958 1148 1024 humana

125 1045 224 1111 laude
252 1049 284 1111 et
309 1067 519 1130 praesumens
547 1069 645 1130 supra
670 1048 756 1112 vires
784 1069 877 1132 suas,
908 1046 1006 1112 homo
1034 1046 1147 1132 lingua
1230 1117 1234 1130 Κ

127 1135 264 1218 politus,
290 1155 357 1199 non
384 1157 481 1200 sensu
509 1135 739 1220 scripturarum
762 1135 968 1218 exercitatus,
996 1137 1146 1218 exposuit
1166 1156 1206 1203 ιοΔ

126 1244 230 1308 pravo
261 1222 392 1308 ingenio
425 1222 599 1288 secundam
630 1220 775 1286 Danielis
806 1222 978 1300 visionem,
1016 1226 1049 1285 et
1081 1223 1147 1287 alia

126 1309 257 1376 locutus
281 1315 331 1376 est
352 1311 482 1396 frivola,
512 1309 651 1398 quaein
678 1310 827 1394 catalogo
854 1307 1070 1373 hereticorum
1092 1331 1146 1374 ne-

126 1401 270 1464 cessario
290 1403 503 1482 exponuntur.
534 1398 619 1464 Huic
638 1403 671 1466 et
688 1399 804 1464 beatus
817 1395 1039 1481 Hieronymus
1057 1419 1146 1480 pres·

126 1487 224 1572 byter
237 1487 417 1570 respondit.

484 1614 566 1704 cap.
597 1611 807 1684 XXXVII.
1167 1639 1199 1688 ιι

218 1748 445 1835 simplicianus
477 1751 648 1835 episcopus
680 1749 791 1816 multis
819 1748 967 1834 epistulis
995 1748 1144 1814 hortatus

126 1841 179 1903 est
200 1838 422 1924 Augustinum
445 1837 549 1904 adhuc
571 1839 806 1924 presbyterum,
829 1837 953 1922 agitare
978 1837 1145 1923 ingenium

129 1929 163 1990 et
196 1926 390 2011 expositioni
421 1927 654 2011 scripturarum
685 1947 813 2008 vacare,
844 1929 882 1990 ut
916 1925 1015 1990 etiam
1042 1947 1145 1991 novus

127 2015 260 2100 quidam
292 2014 500 2096 Ambrosius,
534 2013 684 2100 Origenis
721 2009 943 2096 ἐργοὸιιιίκτης
973 2012 1145 2078 videretur.

126 2101 223 2168 Unde
251 2107 284 2168 et
306 2103 425 2168 multas
453 2102 494 2168 ed
517 2103 586 2168 eius
609 2123 782 2188 personam
810 2100 951 2167 absolvit
973 2101 1144 2186 scriptura·
1163 2125 1199 2174 20

128 2213 201 2256 rum
221 2191 434 2277 quaestiones.
474 2189 537 2256 Hst
558 2192 677 2257 eteius
697 2189 836 2274 epistula
853 2187 1145 2274 propositionum,

128 2279 163 2344 in
186 2302 250 2365 qua
277 2279 509 2366 interrogando
534 2280 626 2364 quasi
649 2279 820 2344 disciturus
851 2277 944 2344 docet
967 2277 1145 2343 docturum.

461 2459 543 2552 Gap.
574 2457 807 2532 XXXVIII.

177 2609 184 2624 ·
215 2595 357 2683 Vigilius
389 2597 558 2682 episcopus
591 2597 722 2683 scripsit
753 2597 794 2663 ad
826 2597 985 2686 quendam
1015 2595 1144 2678 Simpli-

127 2686 256 2751 cianum
284 2684 331 2750 ‘in
357 2685 486 2752 laudem
513 2685 704 2770 martyrum'
731 2685 878 2751 libellum
910 2689 943 2748 et
971 2682 1144 2766 epistulam
1163 2703 1199 2752 ιι,

126 2774 348 2840 continentem
363 2779 457 2860 gesta
466 2775 516 2840 sui
525 2775 682 2860 temporis
693 2773 778 2858 apud
787 2772 944 2838 barbaros
954 2774 1144 2855 martyrum.

199 2919 215 2968 ³
241 2911 351 2968 Bamb.=
379 2912 567 2970 constentiam
594 2912 699 2968 virtute
728 2909 887 2980 indeptam
914 2907 1055 2965 Norimb.:
1079 2925 1144 2963 con-

127 2983 262 3039 stentiam
275 2984 381 3040 virtute
395 2985 494 3051 erneis,
512 2983 578 3038 fidei
597 2983 702 3037 virtute
716 2980 890 3052 indemplam
963 2987 979 3036 8
994 2980 1144 3036 vocabula:

127 3054 187 3110 selo
207 3086 242 3096 -
260 3054 413 3126 religionis,
433 3055 535 3109 desunt
551 3053 581 3107 in
598 3051 726 3136 Norimb.
831 3051 1031 3136 14'Bamb3et
1048 3053 1143 3106 Ber-n:

127 3127 316 3252 ddpddiffi:
331 3123 675 3266 epiIddelcledleidridnddiidrnt
692 3123 908 3250 111Ιὶἰνῗῖιιιιῗιιιιὶιιη
918 3121 1145 3274 1dxoprdtsliltionibus

127 3271 159 3320 21
179 3265 258 3322 Vota
277 3268 311 3321 ut
328 3268 372 3321 est
389 3267 448 3320 eius
467 3266 588 3336 epistula
659 3271 694 3321 22
713 3265 824 3322 Bemb.:
843 3261 1042 3334 interrogando
1061 3261 1144 3316 discr-

127 3339 207 3392 cums
226 3337 309 3392 docet
327 3336 485 3400 doctrinam
