2512 3794
575 115 791 180 „12-

174 257 265 325 moni
282 277 391 322 unam.
427 254 581 340 Epistula
599 258 708 322 antem
731 276 812 340 quae
830 254 934 322 fartm
952 255 994 320 ad
1012 247 1199 342 Hebraeos,
1244 277 1245 304 ¹

174 365 243 410 non
265 343 335 410 aius
358 343 499 411 creditur
522 347 656 429 propter
678 343 746 410 atili
769 343 993 429 sermonisque
1023 345 1200 412 dissonan·

174 433 265 516 tiam,
287 432 345 498 sed
365 435 418 499 vel
436 432 607 500 Barnabae
627 435 720 520 juxta
742 431 989 516 Tertullianum,
1012 433 1063 498 rel
1085 431 1199 500 Lucae

175 522 395 608 evangelistae
427 522 519 588 iuxta
541 519 711 606 quosdam,
735 522 787 586 vel
814 518 1010 605 Clementia,
1038 543 1198 588 romanae

123 626 139 673 o
176 614 293 694 postea
315 611 469 678 ecelesiae
487 609 641 694 episcopi,
665 630 761 694 quem
785 610 876 675 aiunt
900 611 1081 676 wotentias
1100 609 1198 677 Pauli

177 701 311 785 proprio
334 701 501 766 ordinasse
528 701 562 764 et
583 719 716 764 ornasse
740 719 887 764 sermone
914 698 1090 780 voluento,
1120 701 1199 786 qnia
1244 767 1245 782 ζ

178 787 299 854 Paulus
332 788 493 854 scribebat
529 785 570 852 ad
601 785 769 853 Hebraeos
806 789 839 852 et
870 791 1002 872 propter
1037 788 1198 854 invidiam

179 877 229 942 sui
253 876 340 962 apud
360 897 415 942 eoa
438 875 580 940 nominis
598 875 730 941 titulum
752 875 787 940 in
808 875 969 960 principio
988 877 1197 944 salutationis

177 968 405 1047 amputaverat
423 999 466 1012 —
485 963 660 1051 scripserat
677 968 787 1030 autem
805 967 842 1029 ut
859 963 1018 1030 hebraeus
1035 964 1198 1049 hebreice,

125 1067 159 1117 10
177 1051 212 1115 id
234 1054 293 1136 est,
317 1072 376 1116 sno
400 1051 528 1142 eloquio
552 1052 762 1119 disertissime
783 1089 822 1103 -
844 1073 883 1117 ea
905 1073 988 1139 qnae
1006 1053 1198 1138 eloquenter

178 1140 300 1224 scripta
333 1145 410 1206 sunt
441 1141 477 1206 in
510 1141 665 1226 hebraeo,
697 1145 730 1208 et
762 1141 964 1226 eloquentius
997 1143 1134 1208 vertisse
1161 1143 1198 1207 in

178 1249 329 1314 gracorun
357 1232 391 1294 et
418 1229 505 1296 hauc
529 1251 600 1296 esse
628 1251 773 1316 cansam,
801 1229 887 1313 qnod
914 1251 934 1294 a
962 1231 1078 1296 eatena
1100 1231 1198 1297 Pauli

180 1317 328 1402 epistulis
351 1317 533 1403 discrepare
556 1319 712 1385 videatur.

266 1406 395 1492 Legunt
417 1407 548 1494 quidam
571 1406 798 1492 Laofficenses,
822 1407 878 1472 sed
902 1407 943 1472 ab
967 1407 1120 1474 omnibns
1144 1429 1196 1473 ex·

123 1510 155 1558 15
175 1495 327 1580 ploditur.

598 1588 681 1679 Gap.
708 1587 769 1661 VI.

269 1723 439 1792 Barnabas
467 1723 618 1813 Cyprius,
645 1726 702 1809 qui
733 1729 769 1790 et
794 1725 919 1810 Joseph
946 1725 1090 1808 Levites,
1122 1748 1196 1794 cum

178 1813 283 1883 Panlo
307 1815 452 1900 gentium
476 1815 644 1900 apostolus
668 1813 837 1880 ordinatus
860 1837 959 1880 unam
982 1815 1023 1882 ad
1047 1814 1196 1882 aedifica-

178 1903 301 1967 tionem
315 1903 469 1969 ecclesiac
482 1903 699 1990 pertinentem
715 1903 888 1990 epistulam
902 1903 1099 1988 composuit,
1113 1926 1196 1992 quae

124 2003 159 2052 20
177 1991 262 2058 inter
278 1991 480 2078 apocryphas
495 1991 674 2078 scripturas
692 1992 823 2080 legitur.
852 1991 916 2058 Hic
935 1997 1049 2077 postea
1062 1997 1196 2078 propter

176 2077 359 2146 Iohannem
382 2079 591 2166 discipulum,
621 2081 675 2168 qui
699 2085 732 2148 et
750 2080 879 2146 Marcus
898 2081 1085 2164 vocabatur,
1104 2102 1195 2167 sepa·

174 2172 267 2236 ratus
291 2190 310 2234 a
333 2168 437 2236 Panlo
460 2169 563 2238 nihilo
586 2171 694 2240 miuus
718 2169 921 2258 evangelicae
944 2169 1196 2256 praedicationis

175 2258 356 2327 Manatum
380 2259 445 2329 sihi
468 2281 549 2344 opus
573 2261 725 2328 exercuit.

588 2440 671 2532 Cap.
699 2440 783 2514 VII.

122 2595 156 2644 25
264 2575 384 2660 Lucas,
406 2576 548 2642 medicus
571 2576 818 2662 Antiochensis,
845 2580 882 2642 ut
909 2576 977 2643 aius
1002 2577 1123 2663 scripta
1146 2579 1193 2644 in-

176 2665 302 2751 dicant,
321 2665 428 2751 graeei
448 2666 608 2731 sermonis
626 2685 694 2730 non
712 2666 845 2751 ignaros
865 2665 936 2751 fuit,
955 2667 1097 2732 sectator
1115 2689 1192 2752 apo·

176 2755 253 2820 stoli
265 2753 360 2820 Pauli
374 2757 407 2820 et
421 2753 528 2820 omnis
543 2755 612 2820 eius
626 2755 901 2840 peregrinationis
923 2775 1041 2840 comes,
1061 2755 1192 2840 scripsit

174 2843 394 2929 evangelium,
422 2843 461 2908 de
489 2864 553 2927 qno
587 2843 674 2908 idem
703 2841 837 2928 Paulos:
867 2843 1047 2928 misimus,
1074 2843 1191 2931 inquit,

173 2952 248 2998 cum
271 2933 329 2998 illo
352 2931 501 3016 intrem,
523 2931 615 2998 cuius
638 2933 710 2997 lans
737 2933 773 2997 in
796 2933 965 3020 evangelio
993 2953 1052 3017 per
1079 2954 1190 2999 ornnes

244 3088 359 3144 aust:
383 3087 557 3144 dissonantia
639 3096 654 3145 6
673 3089 728 3146 hoe
750 3089 813 3146 looo
832 3088 883 3145 alii
904 3089 989 3144 aliter
1012 3089 1138 3144 scribunt
1155 3090 1189 3146 of.

173 3157 269 3231 nigre
341 3166 373 3214 11
393 3157 491 3214 Bamb.
511 3161 541 3214 et
557 3159 698 3215 liminis:
716 3160 828 3215 inerant
898 3165 924 3214 et
941 3159 1022 3214 deest
1038 3159 1069 3214 in
1087 3161 1124 3215 al.

176 3237 210 3286 14
232 3231 371 3288 noenu:
395 3231 424 3286 et
446 3231 483 3285 sd
504 3229 704 3296 haodioenses3
730 3229 842 3284 namu:
867 3227 1019 3298 epistolam
1048 3231 1078 3285 at
1104 3231 1188 3288 adh.

175 3309 211 3359 20
224 3303 303 3360 Vati
320 3302 395 3359 inter
408 3300 568 3371 apocrypha
657 3303 692 3352 28
707 3298 741 3353 oi.
756 3305 772 3352 2
788 3299 849 3354 Cor.
869 3305 895 3365 8,
915 3305 948 3353 18
1044 3305 1078 3355 29
1092 3299 1188 3358 Bamb.

176 3377 206 3430 et
223 3375 363 3432 Norimb.:
380 3375 442 3430 laus
460 3376 504 3427 est
1244 3385 1245 3390 κ
