2522 3802
553 74 849 138 -78-0

155 220 336 300 stuporem,
364 214 459 280 uobis
487 213 746 298 desperationem
776 213 946 280 incutiens.
996 213 1179 279 Tertullia-

154 326 231 370 num
260 307 294 370 et
314 302 522 369 Lactantium
550 306 584 366 et
605 301 742 386 Papiam
770 305 918 366 auctores
948 306 1079 367 secutus
1103 324 1176 368 mo-

153 393 255 458 ralem
278 413 356 458 sane
384 391 566 458 doctrinam
592 394 625 455 et
646 389 786 456 marimo
808 390 1011 456 voluntariae
1033 411 1176 475 pauper·

154 481 232 546 tatis
256 501 399 548 amorem
421 483 612 564 prosecutus
635 478 839 544 studentibus
862 478 1047 544 inculcavit.

119 707 135 757 s
556 676 638 768 Cap.
669 675 776 747 XVI.

244 816 421 882 Faustinus
444 814 613 900 presbyter
636 813 767 898 scripsit
789 813 830 878 ad
848 835 1021 898 personam
1034 811 1173 881 Flaccil-

155 906 206 970 lae
223 906 356 990 reginae
376 903 556 968 ‘adversum
570 901 712 967 Arianos
735 906 768 966 et
781 901 1047 967 Macedonianos'
1069 903 1173 968 libros

156 996 293 1076 septem,
320 991 372 1058 his
397 1012 452 1056 eos
475 991 615 1055 maxime
639 990 875 1075 scripturarum
896 990 1096 1055 testimoniis
1121 1014 1174 1056 ar-

155 1101 259 1166 guens
281 1084 315 1144 et
337 1079 545 1163 convincens,
573 1078 691 1164 quibus
717 1079 766 1143 illi
788 1100 888 1163 pravo
912 1100 1009 1144 sensu
1032 1083 1172 1145 utuntur

104 1184 136 1233 ιο
155 1168 196 1234 ad
227 1168 474 1254 blasphemiam.
524 1165 660 1252 Scripsit
691 1170 724 1232 et
754 1166 874 1232 librum
903 1177 1000 1252 quem
1021 1165 1172 1234 Valenti·

154 1259 268 1342 niano,
298 1257 482 1324 Theodosio
510 1262 543 1322 et
570 1255 712 1322 Arcadio
741 1255 991 1340 imperatoribus
1023 1278 1084 1341 pro
1117 1257 1172 1322 de-

154 1347 302 1412 fensione
330 1368 462 1413 suorum
488 1367 562 1422 cum
589 1343 779 1411 Marcellino
809 1345 949 1430 quodam
976 1345 1172 1429 presbytero

156 1436 285 1521 obtulit,
298 1457 338 1500 ax
351 1457 415 1521 quo
430 1435 611 1500 ostenditur
625 1433 827 1499 Luciferiano
843 1433 1014 1498 schismati
1033 1455 1171 1498 consen-

155 1524 250 1608 sisse,
273 1523 349 1609 quia
371 1523 533 1590 Hilarium
551 1522 789 1588 Pictaviensem
812 1525 846 1586 et
863 1521 1056 1606 Damasum,
1079 1521 1171 1588 urbis

103 1625 135 1674 15
154 1611 277 1678 Romae
304 1613 482 1697 episcopos,
505 1612 541 1676 in
563 1611 677 1676 eodem
705 1611 788 1675 libro
812 1611 936 1696 culpat,
964 1611 1056 1695 quasi
1084 1612 1171 1676 male

155 1701 378 1765 consuluerint
400 1699 569 1784 ecclesiae,
592 1698 678 1782 quod
700 1699 976 1782 praevaricatores
999 1699 1171 1783 episcopos

154 1789 188 1852 iu
216 1788 474 1852 communionem
507 1791 541 1851 et
572 1786 786 1852 sacerdotium
814 1789 903 1873 pacis
931 1788 1172 1871 recuperandae

154 1876 261 1960 gratia
284 1876 493 1960 recepissent3
517 1874 602 1960 quod
624 1873 838 1941 Luciferiauis
861 1877 909 1942 its
932 1875 1098 1959 displicuit
1120 1899 1171 1941 re-

154 1963 262 2048 cipere
290 1965 471 2050 episcopos,
503 1964 559 2052 qui
581 1963 615 2029 in
642 1961 844 2031 Ariminensi
871 1964 1008 2030 concilio
1039 1963 1171 2031 Arianis

101 2070 135 2121 ao
155 2054 486 2140 communicaverant,
504 2056 542 2118 ut
554 2051 750 2119 Novatianis
769 2055 937 2139 apostatas
955 2053 1172 2138 paenitentes.

538 2253 620 2345 Cup.
651 2251 781 2326 XVII.

243 2391 394 2474 Rufinus,
431 2390 650 2476 Aquileiensis
692 2391 846 2457 ecclesiae
882 2391 1066 2475 presbyter,
1102 2411 1170 2457 non

153 2480 287 2549 minima
309 2501 385 2563 pars
404 2479 572 2545 doctorum
592 2480 753 2563 ecclesiae,
777 2483 810 2544 et
826 2479 862 2544 in
878 2478 1106 2544 transferendo
1130 2479 1170 2544 de

154 2589 269 2656 graeco
295 2569 331 2633 in
357 2567 496 2633 latinum
524 2568 657 2654 elegans
679 2567 847 2653 ingenim
870 2568 999 2652 habuit3
1031 2566 1170 2652 denique

100 2659 329 2724 semanimem
356 2661 483 2743 partem
506 2654 702 2722 Graecorum
730 2656 946 2722 bibliothecae
968 2655 1095 2720 Latinis
1119 2679 1171 2721 er·

152 2747 269 2833 hibuit,
283 2745 399 2814 Basilii
413 2747 538 2813 scilicet
548 2743 767 2812 Caesariensis
777 2743 1002 2830 Cappadociae
1016 2745 1170 2830 episcopi,

152 2834 301 2922 Gregorii
318 2835 525 2921 Naziauaeni,
548 2835 804 2921 eloquentissimi
822 2833 974 2917 bominis,
988 2830 1169 2899 Clementis

152 2922 293 2990 Romani
325 2923 608 3012 ‘recognitionum'
641 2924 756 3002 libros,
783 2922 920 3006 Eusebii
947 2919 1169 2988 Caesariensis

224 3111 370 3168 4Bamb.:
390 3113 498 3182 optime
516 3118 681 3184 prosecutus
773 3121 805 3171 12
824 3113 937 3172 Bembr
956 3113 1092 3170 Maroesso

152 3185 217 3243 Vst.
237 3185 267 3241 et
284 3183 378 3238 Rern:
397 3184 540 3251 quondam
615 3191 648 3240 18
666 3186 761 3240 Bern:
779 3185 905 3242 ostendit
970 3191 1003 3240 14
1021 3184 1121 3241 Bamb.
1141 3187 1169 3241 et

152 3255 248 3312 Barna
269 3253 317 3324 qui
408 3257 443 3308 20
461 3252 541 3308 vat:
562 3270 619 3322 quo
637 3253 793 3310 Novatiani
810 3254 961 3327 apostatis,
980 3253 1093 3310 Bamb.:
1113 3271 1169 3326 quo

152 3325 327 3382 Novatisnos
347 3323 503 3392 apostatas,
522 3320 618 3376 Bern:
638 3322 771 3391 quonism
791 3365 797 3378 .
816 3366 824 3381 .
844 3367 850 3382 .
