2512 3794
543 95 771 162 -34-

526 259 609 350 Cep.
640 257 790 330 XLIII.

237 395 447 482 Theophilus,
452 384 635 462 'Caesareae
645 396 859 475 Palaestinae,
873 417 956 481 quae
966 393 1175 461 olimTurris

147 484 311 552 Stratonis
328 419 519 569 vocabitur,
537 485 718 568 episcopus,
737 485 798 550 sub
815 483 934 550 Severo
947 484 1096 570 principe
1115 483 1173 548 ad-

147 595 278 640 versum
293 596 357 658 eos,
376 596 432 660 qm
422 575 562 658 quarta
576 573 702 638 decima
715 573 795 640 luna
816 594 889 638 cum
903 571 1033 638 Iudaeis
1047 572 1175 658 pascha

93 683 111 732 u
148 663 324 748 faciebant,
356 684 428 728 eum
461 657 577 728 cetarii
604 661 764 746 episcopis
794 661 983 754 synodicam
1011 665 1045 726 et
1075 660 1172 728 valde

147 752 262 817 utilem
286 713 468 836 composuit
490 749 675 834 epistulam.

529 928 612 1020 cap.
642 895 784 1002 irrrv

235 1065 433 1152 Bacchylus,
452 1062 602 1132 Corinthi
625 1067 807 1152 episcopus,
830 1068 893 1132 suh
915 1067 1029 1134 eodem
1047 1065 1170 1134 Severo

146 1156 291 1242 principa
314 1157 420 1222 clarus
442 1154 576 1220 habitus
599 1159 663 1237 est,
693 1161 727 1222 et
749 1155 935 1241 depaseha
957 1178 996 1221 ex
1019 1157 1170 1223 omnium

94 1265 128 1315 10
147 1247 203 1332 qui
229 1245 264 1310 in
287 1244 414 1311 Achaia
436 1249 530 1310 erant
556 1245 783 1329 episcoporum
809 1265 951 1329 persona
986 1245 1171 1330 elegantem

148 1335 268 1401 librum
292 1333 430 1420 scripsit

541 1443 624 1535 Gap.
655 1442 773 1515 XLV.

237 1582 441 1684 Polycrates,
473 1580 691 1664 Ephesiorum
727 1581 910 1666 episcopus,
948 1603 1021 1648 cum
1054 1581 1171 1646 ceteris

149 1671 312 1754 episcopis
333 1670 446 1752 Asiae,
477 1669 532 1754 qui
560 1669 651 1734 iuxta
678 1670 840 1762 quandem
867 1675 1010 1737 veteram
1038 1691 1172 1736 consue-

95 1776 129 1826 15
147 1757 294 1823 tudinem
318 1761 434 1842 quarta
454 1756 579 1822 decime
601 1757 681 1822 luna
703 1779 777 1822 eum
795 1757 925 1824 Iudaeis
943 1758 1066 1844 pascha
1088 1759 1190 1824 cele·

147 1845 296 1928 brabant,
319 1844 450 1929 scripsit
468 1845 622 1910 adversus
641 1844 818 1931 Victorem,
841 1847 1030 1933 episcopum
1048 1847 1170 1912 Itoma-

147 1957 235 2014 num,
262 1933 436 2018 epistulam
463 1933 699 2019 synodicam,
689 1957 723 2000 m
752 1957 816 2020 que
843 1936 938 2002 docet
965 1958 999 2001 se
1027 1936 1170 2020 apostoli

146 1981 303 2090 Iohahnis
327 2026 361 2089 et
381 2027 526 2088 vetorum
555 2023 782 2090 auctoritatem
805 2026 910 2109 sequi,
938 2025 978 2090 de
1001 2047 1066 2110 qua
1088 2024 1170 2090 haec

147 2134 251 2197 pauca
270 2113 503 2198 excerpsimus:
523 2110 595 2178 ‘nos
614 2113 715 2198 igitur
732 2113 954 2180 inviolabilem
968 2113 1170 2192 celebramus

94 2219 129 2270 20
150 2200 235 2266 diem
258 2223 319 2268 nec
346 2201 501 2267 addentes
528 2202 651 2287 aliquid
673 2223 733 2268 nec
761 2201 935 2268 dementes.
979 2201 1111 2266 Etenim
1134 2203 1172 2266 in

148 2290 232 2354 Asia
249 2290 416 2356 'elementa
438 2290 581 2356 maxima
603 2290 818 2376 dormierunt,
836 2313 918 2376 quae
939 2293 1111 2376 resurgent
1132 2289 1170 2355 in

148 2377 199 2442 die
220 2376 362 2456 Domini,
381 2377 509 2463 quando
524 2382 680 2444 vantome
698 2383 750 2444 est
767 2378 807 2444 de
826 2379 925 2444 caelis
943 2379 979 2444 in
997 2380 1170 2444 maiestate

148 2486 208 2530 sua
235 2469 268 2529 et
297 2466 509 2532 suscitaturus
532 2487 645 2532 omnes
669 2470 814 2549 sanctos,
841 2465 1029 2551 Philippum
1051 2468 1171 2553 loquor

148 2553 188 2619 de
207 2553 376 2620 duodecim
399 2554 567 2638 apostolis,
590 2555 646 2641 qui
665 2554 820 2621 dormivit
836 2553 1018 2640 Hierapoli,
1036 2560 1070 2622 et
1086 2555 1170 2621 duas

93 2663 129 2714 25
147 2643 234 2710 filias
252 2642 331 2726 eius,
345 2663 427 2727 quae
440 2642 583 2728 virgines
602 2647 788 2728 senuerunt,
806 2646 840 2708 et
858 2643 957 2708 aliam
975 2645 1044 2710 eius
1057 2645 1170 2728 filiam,

147 2755 230 2817 quae
258 2732 377 2816 spiritu
405 2735 518 2797 sancto
548 2732 646 2816 plena
673 2732 710 2798 iu
738 2731 870 2815 Epheso
898 2733 1059 2800 occubuit
1105 2731 1170 2800 Sed

147 2825 181 2886 et
212 2821 391 2905 Iohannes,
425 2820 481 2906 qui
513 2842 609 2904 super
640 2825 753 2906 pectus
786 2820 920 2888 Domini
955 2822 1104 2888 recubuit
1135 2829 1171 2888 et

146 2909 347 2994 pontifex
318 2933 388 2976 erus
410 2909 475 2976 fuit
497 2931 630 2974 auream
652 2909 840 2976 laminam
830 2933 865 2976 m
888 2910 999 2976 fronte
1021 2917 1170 2996 portans,

147 2999 273 3081 martyr
290 3002 325 3063 et
347 2999 500 3083 doctor,'
491 3021 526 3064 nr
543 2997 676 3084 Epheso
698 2999 859 3066 dormivit.
895 2999 941 3065 Et
959 2997 1171 3084 Polycarpus,

93 3109 129 3162 30
149 3085 320 3171 episeopus
358 3091 392 3152 et
423 3091 563 3174 martyr,
600 3085 759 3174 Smyrnae
792 3089 951 3155 occubuit
1006 3087 1169 3154 'llrrascas

147 3195 288 3262 quoquc,
316 3176 488 3261 episcopus
516 3180 550 3242 et
572 3182 709 3263 martyr,
732 3177 771 3243 de
794 3175 1029 3261 Eumenia,1n
1054 3176 1168 3243 eadem

220 3357 254 3408 28
271 3351 358 3423 ‘lnit’,
368 3367 452 3423 quem
461 3351 549 3408 habet
559 3349 700 3423 etBamb,
710 3351 791 3406 deest
798 3352 828 3406 in
843 3352 879 3406 al.
910 3350 1167 3408 Vat21amminam

654 3654 804 3730 A
