2522 3802
555 107 776 172 ..90-

157 250 327 317 homiliam
350 249 401 314 ‘de
423 247 528 314 natali
548 245 703 330 Domini,
725 246 877 312 homilias
901 249 935 311 et
957 245 1180 332 ’1111111111-

157 337 226 404 nia'
254 342 288 403 11
316 337 367 403 ‘de
389 336 522 422 pasohs'
551 340 585 401 et
612 334 663 400 ‘de
685 333 888 400 Pentecoste'
916 335 1037 400 multas
1066 340 1100 401 11
1126 335 1181 402 ‘de

157 427 306 493 hostibus
330 425 516 491 1111111111
538 445 605 502 non
622 419 797 505 timendis’,
820 422 870 487 ‘de
894 423 1008 508 gratiis
1031 427 1110 507 post
1134 427 1180 490 oi-

157 516 236 580 bum
264 513 334 580 Deo
366 512 524 598 agendis',
548 512 602 576 ‘de
637 511 838 598 paenitentia
865 509 1115 598 Ninivitarum’,
1146 519 1181 578 et

124 603 277 668 omultas
311 603 392 667 alius
425 603 493 666 eius
519 599 672 666 homilias
704 599 743 664 de
772 599 907 664 diversis
935 601 1041 665 causis
1070 599 1180 667 editas

158 691 239 777 legi,
262 711 343 776 quas
366 711 426 755 nec
447 689 581 754 retineo.
617 685 757 753 Moritur
771 686 920 753 Honorio
943 694 976 752 et
989 687 1179 755 Theodosio

158 780 282 845 iuniore
305 782 471 863 regnante.

548 939 631 1030 Oop.
662 936 788 1008 XLII.

246 1075 419 1140 Petronius
432 1073 650 1142 Bononiensis
670 1075 851 1159 episcopus,
869 1074 919 1139 vir
937 1078 1070 1140 sanctae
1088 1077 1178 1142 ritae

106 1169 192 1232 1011
223 1163 457 1230 monachorum
490 1163 606 1229 studiis
643 1164 684 1228 ab
718 1163 936 1228 adulescentia
968 1164 1176 1249 exercitatus,

159 1252 327 1337 scripsisse
350 1255 483 1338 putatur
506 1253 592 1318 vitas
615 1255 746 1336 patrum
764 1249 908 1336 Aegypti
930 1251 1176 1336 monachorum,

159 1363 239 1426 quas
270 1342 361 1406 velut
392 1339 560 1426 speculum
597 1361 635 1404 ae
665 1359 815 1404 normam
845 1338 1057 1422 professionis
1096 1363 1174 1406 suae

159 1429 310 1497 monachi
333 1429 580 1514 amplectuntur.
614 1427 696 1514 Legi
719 1427 780 1492 sub
803 1426 872 1491 eins
895 1428 1027 1492 nomine
1052 1427 1104 1493 ‘de
1124 1452 1174 1496 or·

159 1519 326 1584 dinations
340 1516 495 1603 episcopi'
510 1517 637 1583 ratione
656 1519 690 1581 11
703 1515 887 1580 humilitate
902 1516 1035 1599 plenum
1052 1519 1173 1583 tracta·

107 1611 243 1690 rutum,
267 1629 364 1692 quam
386 1606 502 1692 lingua
524 1606 705 1690 elegantior
724 1602 869 1669 ostendit
886 1624 954 1668 non
971 1603 1075 1687 ipsius
1095 1627 1176 1691 esse,

160 1695 216 1760 ssd
243 1699 281 1758 ut
307 1694 439 1778 quidam
467 1693 591 1774 dicunt,
618 1692 722 1775 patris
750 1692 833 1773 eius,
861 1691 1118 1776 eloquentissimi
1142 1699 1174 1760 et

159 1781 368 1846 eruditissimi
397 1782 432 1844 in
462 1779 680 1845 saecularibus
709 1779 828 1844 litteris
858 1779 928 1844 riri.
972 1777 1174 1847 111111111-

159 1869 244 1934 dum.
289 1867 376 1934 Nam
399 1873 432 1934 et
454 1867 653 1952 praefectum
675 1868 839 1952 praetorio
862 1867 963 1933 fuisse
986 1890 1021 1933 se
1044 1869 1173 1954 inipso

158 1961 299 2022 tractatu
321 1957 480 2044 designat
525 1953 665 2022 Moritur
687 1954 871 2022 Theodosio
895 1961 928 2022 et
942 1953 1173 2024 Valentiniano

105 2061 140 2112 1ο
158 2047 380 2133 regnantibus.

536 2209 618 2299 (lap.
649 2207 798 2320 XLIII.

247 2345 399 2432 Pelagius
421 2345 655 2428 heresiarches,
678 2349 852 2430 antequem
874 2344 1066 2428 proderetur
1082 2345 1173 2412 here-

158 2435 242 2500 ticus
271 2455 355 2514 esse,
384 2435 514 2518 scripsit
542 2433 695 2499 studiosis
722 2434 920 2500 necessaria:
952 2437 1019 2499 tres
1047 2433 1087 2500 de
1110 2435 1171 2500 fido

159 2521 330 2587 Trinitatis
353 2523 453 2587 libros
481 2525 514 2586 et
541 2543 601 2606 pro
628 2521 748 2587 actuali
775 2521 1021 2588 conversatione
1044 2524 1170 2610 ecloga·

105 2626 140 2676 ao
158 2633 230 2677 rum
263 2631 302 2676 cx
334 2609 451 2675 divinis
485 2609 655 2694 scripturis
682 2609 802 2674 librum
828 2631 929 2676 unum
957 2611 1172 2694 capitulorum

232 2793 245 2841 1
265 2787 376 2843 Bamh.:
395 2784 570 2856 theophania
664 2789 680 2837 1
698 2781 811 2838 Bamb.=
829 2783 865 2839 de
884 2783 1002 2840 dirersis
1020 2785 1080 2852 legi

158 2857 297 2912 Norirnb.:
318 2858 431 2914 habitas
525 2861 541 2911 6
560 2853 626 2910 Vat.
645 2855 676 2909 st
692 2853 803 2910 Bamh.:
824 2871 897 2924 quas
992 2861 1008 2910 'l
1026 2853 1125 2910 Bamb.
1144 2858 1173 2911 et

157 2927 298 2984 Norimb.=
317 2927 500 2999 regnantibus
600 2931 634 2981 14
651 2923 792 2980 Norimh.=
811 2929 841 2980 11
859 2925 1037 2981 humanitate
1054 2925 1103 2980 rel

160 3002 193 3051 11
213 2995 291 3053 Vatr
309 2999 423 3070 linguas
442 2997 584 3070 elegantia
656 3003 689 3051 11
708 2994 806 3051 Bamh.
830 2997 861 3051 11
878 2995 1005 3052 Norimb.
1023 2998 1171 3068 repetunt:

158 3065 285 3124 Petronii
368 3068 489 3124 1111111
512 3069 615 3124 desunt
636 3066 666 3121 in
685 3066 811 3122 Norimh.
895 3065 1044 3122 18Β1111).
1069 3067 1171 3124 11111-

158 3138 253 3194 rimh:
272 3136 408 3208 praetorii
471 3137 580 3191 ‘luisse’
597 3137 676 3191 deest
692 3137 723 3191 in
742 3136 806 3192 Vat.
873 3143 906 3192 11
919 3137 1060 3194 Norint:
1080 3137 1171 3194 Theo·

159 3209 237 3265 dosio
251 3205 365 3264 Arcadii
379 3205 449 3270 fili03
468 3205 580 3260 Bamh.:
594 3205 752 3261 'Iheodosio
766 3209 797 3262 et
809 3207 922 3276 placido
931 3207 994 3263 Val.
1032 3215 1066 3263 11
1087 3209 1169 3264 ‘esse'

160 3281 238 3336 deest
255 3279 286 3334 in
303 3275 399 3333 Bamh.
419 3277 456 3398 ett
466 3274 592 3328 Norimb.
691 3275 831 3331 Norimb.=
850 3277 982 3334 studiosis
1001 3278 1070 3333 viris

161 3357 196 3406 24
213 3350 324 3406 Bamh.:
344 3349 443 3403 ntus
