2522 3802
501 121 720 186 ..39-

91 261 189 346 illud,
226 260 266 326 de
300 261 476 328 immortali
510 261 643 346 ingenio
676 261 745 327 eius
777 283 845 328 non
875 265 1002 345 tacens,
1034 261 1119 346 quod

94 349 315 434 dialecticam,
342 349 598 432 arithmeticam,
620 350 792 434 musicam,
816 351 1063 436 grammaticam
1086 353 1121 416 et

95 438 294 504 rhetoricam
308 438 518 523 omniumque
532 437 803 522 philosophorum
818 442 922 504 sectas
936 439 984 504 ita
999 438 1121 522 didicit,

96 531 134 591 ut
156 525 321 593 studiosos
344 548 472 612 quoque
501 526 714 592 saecularium
737 527 921 592 litteremm
944 530 1120 593 sectatores

97 614 236 681 haberet
259 617 293 680 et
306 615 574 699 interpretaretur
587 616 635 680 eis
656 613 798 698 cottidie,
820 635 1059 699 concursusque
1078 615 1119 680 ad
1138 629 1155 680 o

98 724 172 768 eum
185 703 268 768 mire
285 702 408 768 tierent
443 703 532 780 Quos
545 703 602 768 ille
615 707 786 787 propterea
803 703 989 787 recipiebat,
1007 706 1045 768 ut
1058 703 1120 768 sub

98 791 271 858 occasione
286 791 461 858 saecularis
476 792 681 857 litteraturae
694 792 731 856 in
744 791 807 857 fide
818 789 941 856 Christi
955 793 1121 856 statueret
1168 836 1172 847 ·

97 877 148 945 De
162 879 354 946 erudelitate
368 884 477 944 autem
493 880 737 964 persecutionis,
752 901 834 965 quae
849 880 1018 945 adversum
1028 877 1121 946 Chri-

98 968 224 1034 stianos
251 969 313 1033 sub
335 965 437 1036 Decio
465 968 669 1034 consurrexit
694 990 734 1034 eo
758 969 843 1054 quod
866 970 902 1034 in
929 967 1121 1054 religionem

98 1055 243 1141 Philippi
266 1055 458 1141 desaeviret,
486 1078 581 1141 quem
604 1057 826 1141 interfecerat,
849 1057 1046 1142 superfluum
1068 1060 1120 1122 est
1140 1073 1175 1124 ιο

97 1144 220 1229 dicere,
248 1167 321 1210 cum
348 1145 447 1210 etiam
475 1143 653 1230 Fabianus,
680 1143 846 1212 Romanae
874 1145 1028 1212 ecclesiae
1056 1145 1121 1230 epi·

98 1254 216 1318 scopus
244 1233 279 1298 in
311 1233 384 1317 ipsa
414 1234 614 1317 occubuerit,
646 1237 679 1298 et
701 1232 887 1300 Alexander
914 1238 948 1299 et
969 1232 1121 1318 Babylas,

97 1320 402 1406 Hierosolymorum
423 1326 456 1387 et
469 1321 695 1388 Antiochenae
713 1323 868 1387 eeclesiae
886 1322 1067 1406 pontifices,
1085 1321 1121 1384 in

98 1431 226 1476 carcere
254 1431 313 1494 pro
337 1410 541 1476 confessione
564 1409 763 1478 dormierint.
809 1409 905 1475 Etsi
928 1410 1000 1494 quis
1025 1429 1121 1492 super

99 1498 251 1584 Origenis
281 1502 368 1564 statu
396 1499 478 1565 scire
509 1499 650 1564 voluerit
677 1497 756 1584 quid
785 1501 895 1564 actum
928 1497 984 1581 sit,
1014 1498 1120 1582 primo
1141 1515 1175 1564 15

99 1587 230 1672 quidem
252 1585 292 1651 de
315 1587 461 1672 epistulis
486 1589 572 1672 eius,
595 1609 677 1672 quae
699 1590 776 1674 post
796 1587 1055 1672 persecutionem
1080 1585 1121 1650 ad

98 1675 246 1742 disemos
283 1675 404 1742 missae
436 1680 525 1760 sunt,
561 1675 677 1741 deinde
715 1679 749 1741 et
784 1676 824 1742 de
861 1678 965 1743 sexto·
985 1673 1122 1740 Eusebii

102 1761 326 1830 Caesariensis
349 1764 585 1830 ecclesiasticae
602 1764 758 1830 historiae
776 1765 860 1832 libro
880 1767 913 1830 et
930 1785 989 1850 pro
1009 1762 1122 1830 eodem

98 1850 243 1939 Origene
266 1873 323 1918 sex
346 1851 566 1920 voluminibus
590 1853 696 1937 possit
717 1853 841 1939 liquido
864 1874 1069 1940 cognoscere.

189 1939 283 2006 Vixit
300 1963 402 2025 usque
421 1942 462 2007 ad
483 1939 615 2007 Gallum
634 1944 668 2008 et
684 1939 910 2027 Volusianum,
933 1942 966 2006 id
986 1946 1044 2026 est,
1067 1963 1118 2006 us·
1139 1958 1175 2008 20

98 2051 162 2114 que
195 2028 237 2094 ad
264 2027 371 2094 LXIX
399 2031 516 2096 aetatis
549 2051 627 2096 suae
660 2051 795 2108 aunum,
829 2035 862 2096 et
894 2033 1043 2096 mortuus
1071 2031 1122 2094 eet

99 2117 192 2204 Tyri,
215 2118 250 2182 in
274 2139 338 2204 qua
360 2118 440 2185 urbe
463 2123 497 2186 et
519 2119 667 2203 sepultus
690 2121 750 2183 est.

522 2317 604 2409 Cap.
632 2315 712 2390 LV.

190 2453 394 2538 Ammonius,
412 2453 462 2520 vir
480 2454 621 2520 disertus
641 2457 674 2520 et
691 2453 785 2520 valde
804 2453 948 2521 eruditus
967 2454 1003 2520 in
1020 2453 1124 2540 philo-

101 2542 228 2628 sophia,
243 2543 357 2609 eodem
378 2546 522 2628 tempore
541 2542 756 2610 Alexandriae
779 2544 885 2611 clarus
907 2543 1039 2610 habitus
1063 2545 1122 2608 est.
1142 2561 1177 2611 ac

101 2629 165 2708 Qui
192 2629 279 2696 inter
305 2631 409 2698 multa
435 2631 560 2719 ingenii
587 2633 638 2698 sui
661 2635 694 2698 et
720 2633 889 2718 praeclara
910 2634 1123 2698 monumenta

101 2721 201 2786 etiam
219 2719 259 2786 de
277 2720 494 2788 consonantia
511 2719 620 2805 Moysi
640 2724 675 2786 et
692 2720 766 2788 Iesu
785 2743 865 2806 opus
884 2720 1017 2806 elegans
1038 2739 1123 2784 com-

101 2807 213 2894 posuit
236 2813 271 2874 et
288 2808 495 2894 evangelicos
515 2829 655 2876 canones
680 2809 885 2896 excogitavit,
909 2828 990 2894 quos
1007 2809 1123 2892 postea

102 2901 233 2963 secutus
256 2901 307 2962 est
324 2895 488 2963 Eusebius
507 2895 736 2964 Caesariensis.
771 2895 869 2962 Hunc
886 2895 971 2964 falso
991 2899 1123 2963 accusat

100 2984 318 3071 Porphyrius,
344 2986 431 3072 quod
458 3007 497 3050 ex
521 2984 706 3052 Christiano
734 2985 884 3052 ethnicus
906 2985 1019 3073 fuerit,
1049 3007 1123 3053 cum
1143 3007 1178 3058 ao

173 3159 303 3216 2Bamb.
319 3162 350 3215 et
363 3159 504 3217 Norimh:
524 3159 703 3217 dialechcem
716 3175 828 3244 quoque
847 3161 876 3216 et
889 3161 1076 3232 geometr-iam
1095 3161 1126 3215 et

102 3236 119 3285 6
137 3229 249 3286 Banb:
268 3230 368 3286 liment
386 3230 510 3300 mirifici3
529 3231 671 3288 Norint:
690 3232 806 3288 mirifice
820 3231 920 3289 flerent
976 3237 992 3287 l
1011 3230 1124 3286 Bamb.=

101 3299 132 3356 in
148 3301 204 3358 lida
224 3299 330 3356 Christi
347 3317 396 3358 eos
409 3302 571 3370 instruerem
591 3302 686 3358 Bam:
700 3302 860 3360 institueret
934 3307 966 3356 15
986 3301 1036 3356 al:
1054 3299 1126 3356 velit

102 3370 203 3428 Bamb.
222 3373 253 3428 et
269 3370 410 3427 Norimb.:
429 3371 553 3442 primum
