<?xml version="1.0" encoding="UTF-8"?>
<!DOCTYPE html PUBLIC "-//W3C//DTD XHTML 1.0 Transitional//EN"
    "http://www.w3.org/TR/xhtml1/DTD/xhtml1-transitional.dtd">
<html xmlns="http://www.w3.org/1999/xhtml" xml:lang="en" lang="en">
 <head>
  <title>
</title>
<meta http-equiv="Content-Type" content="text/html;charset=utf-8" />
  <meta name='ocr-system' content='tesseract 3.04.00' />
  <meta name='ocr-capabilities' content='ocr_page ocr_carea ocr_par ocr_line ocrx_word'/>
</head>
<body>
  <div class='ocr_page' id='page_1' title='image "./heironymideviri01jerogoog_0108.png"; bbox 0 0 2522 3802; ppageno 0'>
   <div class='ocr_carea' id='block_1_1' title="bbox 472 104 693 168">
    <p class='ocr_par' dir='ltr' id='par_1_1' title="bbox 472 104 693 168">
     <span class='ocr_line' id='line_1_1' title="bbox 472 104 693 168; baseline 0 0"><span class='ocrx_word' id='word_1_1' title='bbox 472 104 693 168; x_wconf 79' lang='lat'>-59-</span> 
     </span>
    </p>
   </div>
   <div class='ocr_carea' id='block_1_2' title="bbox 62 241 1088 417">
    <p class='ocr_par' dir='ltr' id='par_1_2' title="bbox 62 241 1088 417">
     <span class='ocr_line' id='line_1_2' title="bbox 62 241 1088 366; baseline -0.002 -56"><span class='ocrx_word' id='word_1_2' title='bbox 62 244 236 328; x_wconf 87' lang='lat' dir='ltr'>opuscula,</span> <span class='ocrx_word' id='word_1_3' title='bbox 259 265 341 328; x_wconf 90' lang='lat' dir='ltr'>quae</span> <span class='ocrx_word' id='word_1_4' title='bbox 360 243 499 310; x_wconf 89' lang='lat' dir='ltr'>necdum</span> <span class='ocrx_word' id='word_1_5' title='bbox 522 243 597 329; x_wconf 80' lang='lat' dir='ltr'>legi.</span> <span class='ocrx_word' id='word_1_6' title='bbox 638 241 729 309; x_wconf 79' lang='lat' dir='ltr'>Vivit</span> <span class='ocrx_word' id='word_1_7' title='bbox 714 247 848 332; x_wconf 85' lang='lat' dir='ltr'>tuaque</span> <span class='ocrx_word' id='word_1_8' title='bbox 866 243 962 366; x_wconf 92' lang='lat' dir='ltr'>bodie</span> <span class='ocrx_word' id='word_1_9' title='bbox 981 243 1088 310; x_wconf 87' lang='lat' dir='ltr'>deere-</span> 
     </span>
     <span class='ocr_line' id='line_1_3' title="bbox 64 335 337 417; baseline -0.004 -19"><span class='ocrx_word' id='word_1_10' title='bbox 64 335 139 417; x_wconf 81' lang='lat' dir='ltr'>pita</span> <span class='ocrx_word' id='word_1_11' title='bbox 161 336 337 398; x_wconf 89' lang='lat' dir='ltr'>senectute.</span> 
     </span>
    </p>
   </div>
   <div class='ocr_carea' id='block_1_3' title="bbox 476 476 688 568">
    <p class='ocr_par' dir='ltr' id='par_1_3' title="bbox 476 476 688 568">
     <span class='ocr_line' id='line_1_4' title="bbox 476 476 688 568; baseline 0 -20"><span class='ocrx_word' id='word_1_12' title='bbox 476 476 558 568; x_wconf 69' lang='lat' dir='ltr'>cap.</span> <span class='ocrx_word' id='word_1_13' title='bbox 575 477 688 550; x_wconf 74' lang='grc' dir='ltr'><strong>ιιι.</strong></span> 
     </span>
    </p>
   </div>
   <div class='ocr_carea' id='block_1_4' title="bbox 65 613 1142 1849">
    <p class='ocr_par' dir='ltr' id='par_1_4' title="bbox 65 613 1142 1849">
     <span class='ocr_line' id='line_1_5' title="bbox 159 613 1090 700; baseline 0.001 -21"><span class='ocrx_word' id='word_1_14' title='bbox 159 613 321 698; x_wconf 83' lang='lat' dir='ltr'><strong>Didymus</strong></span> <span class='ocrx_word' id='word_1_15' title='bbox 353 613 593 680; x_wconf 85' lang='lat' dir='ltr'>Alexandrinus</span> <span class='ocrx_word' id='word_1_16' title='bbox 634 619 747 700; x_wconf 89' lang='lat' dir='ltr'>captus</span> <span class='ocrx_word' id='word_1_17' title='bbox 791 635 811 680; x_wconf 92' lang='lat' dir='ltr'>a</span> <span class='ocrx_word' id='word_1_18' title='bbox 846 637 948 700; x_wconf 83' lang='lat' dir='ltr'>parva</span> <span class='ocrx_word' id='word_1_19' title='bbox 984 619 1090 681; x_wconf 88' lang='lat' dir='ltr'>aetate</span> 
     </span>
     <span class='ocr_line' id='line_1_6' title="bbox 67 701 1124 790; baseline -0.002 -20"><span class='ocrx_word' id='word_1_20' title='bbox 67 703 176 770; x_wconf 90' lang='lat' dir='ltr'>oculis</span> <span class='ocrx_word' id='word_1_21' title='bbox 208 707 241 768; x_wconf 91' lang='lat' dir='ltr'>et</span> <span class='ocrx_word' id='word_1_22' title='bbox 268 704 310 768; x_wconf 92' lang='lat' dir='ltr'>ob</span> <span class='ocrx_word' id='word_1_23' title='bbox 337 701 371 766; x_wconf 93' lang='lat' dir='ltr'>id</span> <span class='ocrx_word' id='word_1_24' title='bbox 394 703 627 768; x_wconf 86' lang='lat' dir='ltr'>elementorum</span> <span class='ocrx_word' id='word_1_25' title='bbox 650 725 777 788; x_wconf 90' lang='lat' dir='ltr'>quoque</span> <span class='ocrx_word' id='word_1_26' title='bbox 800 704 934 790; x_wconf 79' lang='lat' dir='ltr'>ignarus</span> <span class='ocrx_word' id='word_1_27' title='bbox 961 707 1124 770; x_wconf 76' lang='lat' dir='ltr'>tantumn</span> 
     </span>
     <span class='ocr_line' id='line_1_7' title="bbox 67 791 1089 879; baseline 0.001 -21"><span class='ocrx_word' id='word_1_28' title='bbox 67 791 263 858; x_wconf 77' lang='lat' dir='ltr'><strong>miraculum</strong></span> <span class='ocrx_word' id='word_1_29' title='bbox 282 791 331 856; x_wconf 90' lang='lat' dir='ltr'>sui</span> <span class='ocrx_word' id='word_1_30' title='bbox 347 791 497 857; x_wconf 90' lang='lat' dir='ltr'>omnibus</span> <span class='ocrx_word' id='word_1_31' title='bbox 511 792 670 875; x_wconf 86' lang='lat' dir='ltr'>praebuit,</span> <span class='ocrx_word' id='word_1_32' title='bbox 689 795 727 857; x_wconf 90' lang='lat' dir='ltr'>ut</span> <span class='ocrx_word' id='word_1_33' title='bbox 744 791 948 860; x_wconf 74' lang='lat' dir='ltr'>dialecticam</span> <span class='ocrx_word' id='word_1_34' title='bbox 962 814 1089 879; x_wconf 89' lang='lat' dir='ltr'>quoque</span> 
     </span>
     <span class='ocr_line' id='line_1_8' title="bbox 68 879 1089 966; baseline 0.001 -20"><span class='ocrx_word' id='word_1_35' title='bbox 68 885 104 946; x_wconf 88' lang='lat' dir='ltr'>et</span> <span class='ocrx_word' id='word_1_36' title='bbox 127 879 355 965; x_wconf 79' lang='lat' dir='ltr'>geometriam,</span> <span class='ocrx_word' id='word_1_37' title='bbox 383 901 464 964; x_wconf 87' lang='lat' dir='ltr'>quae</span> <span class='ocrx_word' id='word_1_38' title='bbox 488 879 540 944; x_wconf 88' lang='lat' dir='ltr'>vel</span> <span class='ocrx_word' id='word_1_39' title='bbox 562 880 702 946; x_wconf 87' lang='lat' dir='ltr'>maxime</span> <span class='ocrx_word' id='word_1_40' title='bbox 726 881 798 946; x_wconf 84' lang='lat' dir='ltr'>visu</span> <span class='ocrx_word' id='word_1_41' title='bbox 821 879 960 966; x_wconf 79' lang='lat' dir='ltr'>indiget,</span> <span class='ocrx_word' id='word_1_42' title='bbox 987 903 1089 966; x_wconf 90' lang='lat' dir='ltr'>usque</span> 
     </span>
     <span class='ocr_line' id='line_1_9' title="bbox 68 967 1090 1056; baseline 0.001 -23"><span class='ocrx_word' id='word_1_43' title='bbox 68 969 112 1033; x_wconf 87' lang='lat' dir='ltr'>ad</span> <span class='ocrx_word' id='word_1_44' title='bbox 139 967 320 1052; x_wconf 82' lang='lat' dir='ltr'>perlectum</span> <span class='ocrx_word' id='word_1_45' title='bbox 348 967 504 1032; x_wconf 91' lang='lat' dir='ltr'>didicerit.</span> <span class='ocrx_word' id='word_1_46' title='bbox 545 967 608 1033; x_wconf 91' lang='lat' dir='ltr'>Hic</span> <span class='ocrx_word' id='word_1_47' title='bbox 636 969 777 1052; x_wconf 88' lang='lat' dir='ltr'>plurima</span> <span class='ocrx_word' id='word_1_48' title='bbox 800 970 986 1056; x_wconf 79' lang='lat' dir='ltr'>nobiliaque</span> <span class='ocrx_word' id='word_1_49' title='bbox 1014 991 1090 1036; x_wconf 93' lang='lat' dir='ltr'>con-</span> 
     </span>
     <span class='ocr_line' id='line_1_10' title="bbox 68 1056 1088 1159; baseline 0.003 -37"><span class='ocrx_word' id='word_1_50' title='bbox 68 1056 215 1159; x_wconf 77' lang='lat' dir='ltr'>scripsit:</span> <span class='ocrx_word' id='word_1_51' title='bbox 234 1056 504 1122; x_wconf 75' lang='lat' dir='ltr'>commentarios</span> <span class='ocrx_word' id='word_1_52' title='bbox 494 1079 529 1122; x_wconf 89' lang='lat' dir='ltr'>m</span> <span class='ocrx_word' id='word_1_53' title='bbox 542 1057 685 1140; x_wconf 86' lang='lat' dir='ltr'>psalmos</span> <span class='ocrx_word' id='word_1_54' title='bbox 700 1079 820 1142; x_wconf 88' lang='lat' dir='ltr'>omnes,</span> <span class='ocrx_word' id='word_1_55' title='bbox 841 1059 1088 1125; x_wconf 77' lang='lat' dir='ltr'>commentarios</span> 
     </span>
     <span class='ocr_line' id='line_1_11' title="bbox 68 1109 1142 1232; baseline 0.004 -24"><span class='ocrx_word' id='word_1_56' title='bbox 68 1147 105 1209; x_wconf 91' lang='lat' dir='ltr'>in</span> <span class='ocrx_word' id='word_1_57' title='bbox 124 1143 331 1230; x_wconf 82' lang='lat' dir='ltr'>evangelium</span> <span class='ocrx_word' id='word_1_58' title='bbox 344 1143 505 1209; x_wconf 85' lang='lat' dir='ltr'>Matthaei</span> <span class='ocrx_word' id='word_1_59' title='bbox 520 1147 553 1209; x_wconf 92' lang='lat' dir='ltr'>et</span> <span class='ocrx_word' id='word_1_60' title='bbox 565 1143 730 1230; x_wconf 84' lang='lat' dir='ltr'>Iohannis,</span> <span class='ocrx_word' id='word_1_61' title='bbox 749 1150 782 1210; x_wconf 91' lang='lat' dir='ltr'>et</span> <span class='ocrx_word' id='word_1_62' title='bbox 796 1109 847 1210; x_wconf 79' lang='lat' dir='ltr'>de</span> <span class='ocrx_word' id='word_1_63' title='bbox 861 1145 1089 1232; x_wconf 85' lang='lat' dir='ltr'>dogmatibus’,</span> <span class='ocrx_word' id='word_1_64' title='bbox 1110 1163 1142 1212; x_wconf 84' lang='grc' dir='ltr'>ιο</span> 
     </span>
     <span class='ocr_line' id='line_1_12' title="bbox 67 1229 1088 1318; baseline 0.001 -20"><span class='ocrx_word' id='word_1_65' title='bbox 67 1237 104 1298; x_wconf 89' lang='lat' dir='ltr'>et</span> <span class='ocrx_word' id='word_1_66' title='bbox 126 1233 252 1298; x_wconf 82' lang='lat' dir='ltr'>‘contra</span> <span class='ocrx_word' id='word_1_67' title='bbox 277 1229 431 1298; x_wconf 81' lang='lat' dir='ltr'>Arianos&#39;</span> <span class='ocrx_word' id='word_1_68' title='bbox 454 1233 554 1298; x_wconf 90' lang='lat' dir='ltr'>libros</span> <span class='ocrx_word' id='word_1_69' title='bbox 578 1231 668 1316; x_wconf 89' lang='lat' dir='ltr'>duos,</span> <span class='ocrx_word' id='word_1_70' title='bbox 692 1237 725 1298; x_wconf 90' lang='lat' dir='ltr'>et</span> <span class='ocrx_word' id='word_1_71' title='bbox 748 1233 799 1298; x_wconf 91' lang='lat' dir='ltr'>de</span> <span class='ocrx_word' id='word_1_72' title='bbox 822 1235 939 1318; x_wconf 89' lang='lat' dir='ltr'>spiritu</span> <span class='ocrx_word' id='word_1_73' title='bbox 962 1235 1088 1300; x_wconf 87' lang='lat' dir='ltr'>sancto&#39;</span> 
     </span>
     <span class='ocr_line' id='line_1_13' title="bbox 66 1321 1088 1407; baseline 0 -20"><span class='ocrx_word' id='word_1_74' title='bbox 66 1322 194 1388; x_wconf 90' lang='lat' dir='ltr'>librum</span> <span class='ocrx_word' id='word_1_75' title='bbox 213 1341 313 1386; x_wconf 86' lang='lat' dir='ltr'>unum</span> <span class='ocrx_word' id='word_1_76' title='bbox 314 1343 437 1406; x_wconf 88' lang='lat' dir='ltr'>,quem</span> <span class='ocrx_word' id='word_1_77' title='bbox 452 1341 512 1407; x_wconf 86' lang='lat' dir='ltr'>ego</span> <span class='ocrx_word' id='word_1_78' title='bbox 531 1321 566 1386; x_wconf 93' lang='lat' dir='ltr'>in</span> <span class='ocrx_word' id='word_1_79' title='bbox 584 1323 643 1387; x_wconf 92' lang='lat' dir='ltr'>lat</span> <span class='ocrx_word' id='word_1_80' title='bbox 618 1325 723 1387; x_wconf 79' lang='lat' dir='ltr'>tinum</span> <span class='ocrx_word' id='word_1_81' title='bbox 738 1323 831 1402; x_wconf 85' lang='lat' dir='ltr'>verti,</span> <span class='ocrx_word' id='word_1_82' title='bbox 854 1323 910 1386; x_wconf 73' lang='grc' dir='ltr'>οι·</span> <span class='ocrx_word' id='word_1_83' title='bbox 901 1343 936 1386; x_wconf 89' lang='lat' dir='ltr'>m</span> <span class='ocrx_word' id='word_1_84' title='bbox 953 1321 1088 1387; x_wconf 79' lang='lat' dir='ltr'>Esaiam</span> 
     </span>
     <span class='ocr_line' id='line_1_14' title="bbox 67 1371 1088 1490; baseline -0.002 -14"><span class='ocrx_word' id='word_1_85' title='bbox 67 1417 178 1476; x_wconf 83' lang='lat' dir='ltr'>tomos</span> <span class='ocrx_word' id='word_1_86' title='bbox 199 1409 309 1476; x_wconf 85' lang='lat' dir='ltr'>decem</span> <span class='ocrx_word' id='word_1_87' title='bbox 329 1415 362 1475; x_wconf 89' lang='lat' dir='ltr'>et</span> <span class='ocrx_word' id='word_1_88' title='bbox 381 1411 518 1490; x_wconf 83' lang='lat' dir='ltr'>bcto,1n</span> <span class='ocrx_word' id='word_1_89' title='bbox 533 1409 615 1476; x_wconf 91' lang='lat' dir='ltr'>Osee</span> <span class='ocrx_word' id='word_1_90' title='bbox 635 1411 675 1475; x_wconf 87' lang='lat' dir='ltr'>ad</span> <span class='ocrx_word' id='word_1_91' title='bbox 695 1432 746 1475; x_wconf 91' lang='lat' dir='ltr'>me</span> <span class='ocrx_word' id='word_1_92' title='bbox 765 1371 907 1476; x_wconf 78' lang='lat' dir='ltr'>scribens</span> <span class='ocrx_word' id='word_1_93' title='bbox 927 1431 1088 1476; x_wconf 90' lang='lat' dir='ltr'>commen·</span> 
     </span>
     <span class='ocr_line' id='line_1_15' title="bbox 68 1498 1089 1584; baseline 0 -20"><span class='ocrx_word' id='word_1_94' title='bbox 68 1499 231 1564; x_wconf 85' lang='lat' dir='ltr'>tsrioram</span> <span class='ocrx_word' id='word_1_95' title='bbox 245 1498 348 1564; x_wconf 90' lang='lat' dir='ltr'>libros</span> <span class='ocrx_word' id='word_1_96' title='bbox 366 1501 442 1583; x_wconf 86' lang='lat' dir='ltr'>tres,</span> <span class='ocrx_word' id='word_1_97' title='bbox 461 1503 495 1563; x_wconf 91' lang='lat' dir='ltr'>et</span> <span class='ocrx_word' id='word_1_98' title='bbox 508 1499 542 1562; x_wconf 89' lang='lat' dir='ltr'>in</span> <span class='ocrx_word' id='word_1_99' title='bbox 555 1498 745 1564; x_wconf 87' lang='lat' dir='ltr'>Zachariam</span> <span class='ocrx_word' id='word_1_100' title='bbox 766 1520 838 1564; x_wconf 92' lang='lat' dir='ltr'>meo</span> <span class='ocrx_word' id='word_1_101' title='bbox 852 1503 969 1584; x_wconf 85' lang='lat' dir='ltr'>rogatu</span> <span class='ocrx_word' id='word_1_102' title='bbox 987 1499 1089 1564; x_wconf 89' lang='lat' dir='ltr'>libros</span> 
     </span>
     <span class='ocr_line' id='line_1_16' title="bbox 65 1587 1142 1674; baseline -0.002 -23"><span class='ocrx_word' id='word_1_103' title='bbox 65 1587 214 1674; x_wconf 87' lang='lat' dir='ltr'>quinque</span> <span class='ocrx_word' id='word_1_104' title='bbox 241 1591 275 1652; x_wconf 90' lang='lat' dir='ltr'>et</span> <span class='ocrx_word' id='word_1_105' title='bbox 299 1587 549 1653; x_wconf 89' lang='lat' dir='ltr'>commentarios</span> <span class='ocrx_word' id='word_1_106' title='bbox 576 1587 612 1651; x_wconf 91' lang='lat' dir='ltr'>in</span> <span class='ocrx_word' id='word_1_107' title='bbox 634 1587 694 1653; x_wconf 93' lang='lat' dir='ltr'>Iob</span> <span class='ocrx_word' id='word_1_108' title='bbox 717 1591 751 1652; x_wconf 88' lang='lat' dir='ltr'>et</span> <span class='ocrx_word' id='word_1_109' title='bbox 779 1587 883 1652; x_wconf 88' lang='lat' dir='ltr'>multa</span> <span class='ocrx_word' id='word_1_110' title='bbox 905 1587 983 1669; x_wconf 86' lang='lat' dir='ltr'>alia,</span> <span class='ocrx_word' id='word_1_111' title='bbox 1007 1609 1089 1672; x_wconf 90' lang='lat' dir='ltr'>quae</span> <span class='ocrx_word' id='word_1_112' title='bbox 1110 1603 1142 1650; x_wconf 75' lang='grc' dir='ltr'>ιι</span> 
     </span>
     <span class='ocr_line' id='line_1_17' title="bbox 68 1675 1091 1762; baseline 0.001 -22"><span class='ocrx_word' id='word_1_113' title='bbox 68 1677 216 1762; x_wconf 81' lang='lat' dir='ltr'>digerere</span> <span class='ocrx_word' id='word_1_114' title='bbox 244 1676 369 1760; x_wconf 91' lang='lat' dir='ltr'>proprii</span> <span class='ocrx_word' id='word_1_115' title='bbox 400 1675 514 1741; x_wconf 90' lang='lat' dir='ltr'>indicis</span> <span class='ocrx_word' id='word_1_116' title='bbox 548 1679 606 1741; x_wconf 86' lang='lat' dir='ltr'>est</span> <span class='ocrx_word' id='word_1_117' title='bbox 660 1675 753 1742; x_wconf 84' lang='lat' dir='ltr'>Vivit</span> <span class='ocrx_word' id='word_1_118' title='bbox 782 1697 884 1761; x_wconf 90' lang='lat' dir='ltr'>usque</span> <span class='ocrx_word' id='word_1_119' title='bbox 915 1675 1026 1760; x_wconf 88' lang='lat' dir='ltr'>bodie,</span> <span class='ocrx_word' id='word_1_120' title='bbox 1058 1680 1091 1741; x_wconf 91' lang='lat' dir='ltr'>et</span> 
     </span>
     <span class='ocr_line' id='line_1_18' title="bbox 68 1764 1089 1849; baseline 0.002 -19"><span class='ocrx_word' id='word_1_121' title='bbox 68 1764 306 1849; x_wconf 82' lang='lat' dir='ltr'>octogesimum</span> <span class='ocrx_word' id='word_1_122' title='bbox 324 1765 457 1830; x_wconf 90' lang='lat' dir='ltr'>tertium</span> <span class='ocrx_word' id='word_1_123' title='bbox 473 1764 590 1830; x_wconf 84' lang='lat' dir='ltr'>aetatis</span> <span class='ocrx_word' id='word_1_124' title='bbox 615 1785 692 1830; x_wconf 86' lang='lat' dir='ltr'>suae</span> <span class='ocrx_word' id='word_1_125' title='bbox 715 1766 780 1830; x_wconf 90' lang='lat' dir='ltr'>iam</span> <span class='ocrx_word' id='word_1_126' title='bbox 799 1766 936 1832; x_wconf 82' lang='lat' dir='ltr'>excessit</span> <span class='ocrx_word' id='word_1_127' title='bbox 958 1787 1089 1832; x_wconf 89' lang='lat' dir='ltr'>annum.</span> 
     </span>
    </p>
   </div>
   <div class='ocr_carea' id='block_1_5' title="bbox 485 1979 675 2071">
    <p class='ocr_par' dir='ltr' id='par_1_5' title="bbox 485 1979 675 2071">
     <span class='ocr_line' id='line_1_19' title="bbox 485 1979 675 2071; baseline -0.011 -19"><span class='ocrx_word' id='word_1_128' title='bbox 485 1979 567 2071; x_wconf 77' lang='lat' dir='ltr'>Cap.</span> <span class='ocrx_word' id='word_1_129' title='bbox 600 1981 675 2051; x_wconf 80' lang='lat' dir='ltr'>CX.</span> 
     </span>
    </p>
   </div>
   <div class='ocr_carea' id='block_1_6' title="bbox 67 2114 1143 2558">
    <p class='ocr_par' dir='ltr' id='par_1_6' title="bbox 67 2114 1143 2558">
     <span class='ocr_line' id='line_1_20' title="bbox 160 2114 1089 2219; baseline -0.003 -35"><span class='ocrx_word' id='word_1_130' title='bbox 160 2118 299 2203; x_wconf 80' lang='lat' dir='ltr'>Optatus</span> <span class='ocrx_word' id='word_1_131' title='bbox 331 2117 379 2182; x_wconf 84' lang='lat' dir='ltr'>Af</span> <span class='ocrx_word' id='word_1_132' title='bbox 377 2139 425 2202; x_wconf 90' lang='lat' dir='ltr'>er,</span> <span class='ocrx_word' id='word_1_133' title='bbox 463 2117 632 2204; x_wconf 90' lang='lat' dir='ltr'>episcopus</span> <span class='ocrx_word' id='word_1_134' title='bbox 664 2114 791 2181; x_wconf 84' lang='lat' dir='ltr'>Milevit</span> <span class='ocrx_word' id='word_1_135' title='bbox 776 2119 888 2200; x_wconf 90' lang='lat' dir='ltr'>t,anus</span> <span class='ocrx_word' id='word_1_136' title='bbox 920 2136 960 2181; x_wconf 88' lang='lat' dir='ltr'>ex</span> <span class='ocrx_word' id='word_1_137' title='bbox 996 2121 1089 2219; x_wconf 79' lang='lat' dir='ltr'>parte</span> 
     </span>
     <span class='ocr_line' id='line_1_21' title="bbox 67 2168 1143 2293; baseline -0.005 -20"><span class='ocrx_word' id='word_1_138' title='bbox 67 2211 123 2273; x_wconf 88' lang='lat' dir='ltr'>cat</span> <span class='ocrx_word' id='word_1_139' title='bbox 108 2208 233 2272; x_wconf 91' lang='lat' dir='ltr'>tholica</span> <span class='ocrx_word' id='word_1_140' title='bbox 256 2207 389 2293; x_wconf 87' lang='lat' dir='ltr'>scripsit</span> <span class='ocrx_word' id='word_1_141' title='bbox 416 2168 477 2271; x_wconf 81' lang='lat' dir='ltr'>&#39;sub</span> <span class='ocrx_word' id='word_1_142' title='bbox 500 2205 788 2272; x_wconf 88' lang='lat' dir='ltr'>Valentinianoet</span> <span class='ocrx_word' id='word_1_143' title='bbox 773 2203 950 2271; x_wconf 88' lang='lat' dir='ltr'>tValente</span> <span class='ocrx_word' id='word_1_144' title='bbox 917 2205 1089 2289; x_wconf 90' lang='lat' dir='ltr'>tprinci-</span> <span class='ocrx_word' id='word_1_145' title='bbox 1109 2221 1143 2270; x_wconf 74' lang='grc' dir='ltr'>ιο</span> 
     </span>
     <span class='ocr_line' id='line_1_22' title="bbox 67 2292 1090 2380; baseline -0.002 -18"><span class='ocrx_word' id='word_1_146' title='bbox 67 2298 166 2380; x_wconf 89' lang='lat' dir='ltr'>pibus</span> <span class='ocrx_word' id='word_1_147' title='bbox 191 2295 375 2361; x_wconf 85' lang='lat' dir='ltr'>adversum</span> <span class='ocrx_word' id='word_1_148' title='bbox 398 2293 604 2362; x_wconf 88' lang='lat' dir='ltr'>Donatianae</span> <span class='ocrx_word' id='word_1_149' title='bbox 627 2294 730 2380; x_wconf 89' lang='lat' dir='ltr'>partis</span> <span class='ocrx_word' id='word_1_150' title='bbox 758 2292 965 2360; x_wconf 87' lang='lat' dir='ltr'>calumniam&#39;</span> <span class='ocrx_word' id='word_1_151' title='bbox 989 2294 1090 2360; x_wconf 90' lang='lat' dir='ltr'>libros</span> 
     </span>
     <span class='ocr_line' id='line_1_23' title="bbox 68 2381 1090 2470; baseline 0 -21"><span class='ocrx_word' id='word_1_152' title='bbox 68 2408 140 2470; x_wconf 84' lang='lat' dir='ltr'>sex,</span> <span class='ocrx_word' id='word_1_153' title='bbox 176 2385 212 2449; x_wconf 88' lang='lat' dir='ltr'>in</span> <span class='ocrx_word' id='word_1_154' title='bbox 240 2385 357 2469; x_wconf 91' lang='lat' dir='ltr'>quihus</span> <span class='ocrx_word' id='word_1_155' title='bbox 387 2385 503 2450; x_wconf 89' lang='lat' dir='ltr'>asserit</span> <span class='ocrx_word' id='word_1_156' title='bbox 529 2383 651 2450; x_wconf 90' lang='lat' dir='ltr'>crimen</span> <span class='ocrx_word' id='word_1_157' title='bbox 677 2381 975 2450; x_wconf 88' lang='lat' dir='ltr'>Donatianorum</span> <span class='ocrx_word' id='word_1_158' title='bbox 966 2405 1001 2449; x_wconf 87' lang='lat' dir='ltr'>m</span> <span class='ocrx_word' id='word_1_159' title='bbox 1029 2406 1090 2450; x_wconf 91' lang='lat' dir='ltr'>uos</span> 
     </span>
     <span class='ocr_line' id='line_1_24' title="bbox 67 2473 364 2558; baseline -0.003 -18"><span class='ocrx_word' id='word_1_160' title='bbox 67 2475 151 2540; x_wconf 88' lang='lat' dir='ltr'>falso</span> <span class='ocrx_word' id='word_1_161' title='bbox 174 2473 364 2558; x_wconf 87' lang='lat' dir='ltr'>retorqueri.</span> 
     </span>
    </p>
   </div>
   <div class='ocr_carea' id='block_1_7' title="bbox 475 2617 688 2708">
    <p class='ocr_par' dir='ltr' id='par_1_7' title="bbox 475 2617 688 2708">
     <span class='ocr_line' id='line_1_25' title="bbox 475 2617 688 2708; baseline 0.014 -20"><span class='ocrx_word' id='word_1_162' title='bbox 475 2617 557 2708; x_wconf 79' lang='lat' dir='ltr'>Cap.</span> <span class='ocrx_word' id='word_1_163' title='bbox 590 2617 688 2692; x_wconf 77' lang='lat' dir='ltr'>cxl.</span> 
     </span>
    </p>
   </div>
   <div class='ocr_carea' id='block_1_8' title="bbox 67 2751 1142 3106">
    <p class='ocr_par' dir='ltr' id='par_1_8' title="bbox 67 2751 1142 3106">
     <span class='ocr_line' id='line_1_26' title="bbox 159 2751 1142 2858; baseline 0.001 -38"><span class='ocrx_word' id='word_1_164' title='bbox 159 2755 285 2822; x_wconf 85' lang='lat' dir='ltr'>Acilius</span> <span class='ocrx_word' id='word_1_165' title='bbox 319 2754 503 2820; x_wconf 82' lang='lat' dir='ltr'>Severus</span> <span class='ocrx_word' id='word_1_166' title='bbox 493 2777 528 2819; x_wconf 90' lang='lat' dir='ltr'>m</span> <span class='ocrx_word' id='word_1_167' title='bbox 550 2754 735 2858; x_wconf 52' lang='lat' dir='ltr'>hispania,</span> <span class='ocrx_word' id='word_1_168' title='bbox 774 2755 813 2819; x_wconf 89' lang='lat' dir='ltr'>de</span> <span class='ocrx_word' id='word_1_169' title='bbox 846 2773 963 2838; x_wconf 80' lang='lat' dir='ltr'>genere</span> <span class='ocrx_word' id='word_1_170' title='bbox 1002 2751 1088 2816; x_wconf 90' lang='lat' dir='ltr'>illius</span> <span class='ocrx_word' id='word_1_171' title='bbox 1107 2773 1142 2824; x_wconf 78' lang='lat' dir='ltr'>aa</span> 
     </span>
     <span class='ocr_line' id='line_1_27' title="bbox 67 2839 1090 2954; baseline -0.006 -44"><span class='ocrx_word' id='word_1_172' title='bbox 67 2844 182 2911; x_wconf 82' lang='lat' dir='ltr'>Severi</span> <span class='ocrx_word' id='word_1_173' title='bbox 213 2845 254 2910; x_wconf 91' lang='lat' dir='ltr'>ad</span> <span class='ocrx_word' id='word_1_174' title='bbox 278 2865 374 2946; x_wconf 83' lang='lat' dir='ltr'>quem</span> <span class='ocrx_word' id='word_1_175' title='bbox 396 2843 558 2909; x_wconf 85' lang='lat' dir='ltr'>Lactantii</span> <span class='ocrx_word' id='word_1_176' title='bbox 582 2844 646 2910; x_wconf 93' lang='lat' dir='ltr'>duo</span> <span class='ocrx_word' id='word_1_177' title='bbox 669 2843 882 2954; x_wconf 87' lang='lat' dir='ltr'>epistularum</span> <span class='ocrx_word' id='word_1_178' title='bbox 905 2839 1090 2906; x_wconf 88' lang='lat' dir='ltr'>scribuntur</span> 
     </span>
     <span class='ocr_line' id='line_1_28' title="bbox 68 2924 1090 3018; baseline -0.004 -20"><span class='ocrx_word' id='word_1_179' title='bbox 68 2935 157 3018; x_wconf 89' lang='lat' dir='ltr'>libri,</span> <span class='ocrx_word' id='word_1_180' title='bbox 197 2933 381 3018; x_wconf 83' lang='lat' dir='ltr'>composuit</span> <span class='ocrx_word' id='word_1_181' title='bbox 418 2933 571 2998; x_wconf 82' lang='lat' dir='ltr'>volumen</span> <span class='ocrx_word' id='word_1_182' title='bbox 602 2933 695 3017; x_wconf 89' lang='lat' dir='ltr'>quasi</span> <span class='ocrx_word' id='word_1_183' title='bbox 732 2924 952 3014; x_wconf 79' lang='grc' dir='ltr'><strong>ὁδοιπορικόν</strong></span> <span class='ocrx_word' id='word_1_184' title='bbox 988 2929 1090 2994; x_wconf 89' lang='lat' dir='ltr'>totius</span> 
     </span>
     <span class='ocr_line' id='line_1_29' title="bbox 69 3019 1089 3106; baseline -0.006 -18"><span class='ocrx_word' id='word_1_185' title='bbox 69 3024 158 3088; x_wconf 79' lang='lat' dir='ltr'>vitae</span> <span class='ocrx_word' id='word_1_186' title='bbox 177 3043 256 3087; x_wconf 88' lang='lat' dir='ltr'>suae</span> <span class='ocrx_word' id='word_1_187' title='bbox 278 3025 400 3088; x_wconf 88' lang='lat' dir='ltr'>statum</span> <span class='ocrx_word' id='word_1_188' title='bbox 419 3020 589 3088; x_wconf 89' lang='lat' dir='ltr'>continens</span> <span class='ocrx_word' id='word_1_189' title='bbox 612 3026 682 3086; x_wconf 90' lang='lat' dir='ltr'>tarn</span> <span class='ocrx_word' id='word_1_190' title='bbox 699 3041 797 3106; x_wconf 88' lang='lat' dir='ltr'>prosa</span> <span class='ocrx_word' id='word_1_191' title='bbox 817 3041 914 3104; x_wconf 88' lang='lat' dir='ltr'>quam</span> <span class='ocrx_word' id='word_1_192' title='bbox 933 3019 1089 3100; x_wconf 82' lang='lat' dir='ltr'>versibus,</span> 
     </span>
    </p>
   </div>
   <div class='ocr_carea' id='block_1_9' title="bbox 68 3207 1090 3418">
    <p class='ocr_par' dir='ltr' id='par_1_9' title="bbox 68 3207 1090 3418">
     <span class='ocr_line' id='line_1_30' title="bbox 140 3207 1088 3292; baseline -0.009 -23"><span class='ocrx_word' id='word_1_193' title='bbox 140 3213 287 3269; x_wconf 85' lang='lat' dir='ltr'>4Bamb.:</span> <span class='ocrx_word' id='word_1_194' title='bbox 311 3227 329 3268; x_wconf 85' lang='lat' dir='ltr'>a</span> <span class='ocrx_word' id='word_1_195' title='bbox 347 3227 479 3282; x_wconf 84' lang='lat' dir='ltr'>p.arva.</span> <span class='ocrx_word' id='word_1_196' title='bbox 495 3211 631 3268; x_wconf 87' lang='lat' dir='ltr'>.amissis</span> <span class='ocrx_word' id='word_1_197' title='bbox 753 3210 866 3266; x_wconf 67' lang='lat' dir='ltr'>avit:</span> <span class='ocrx_word' id='word_1_198' title='bbox 860 3207 1088 3292; x_wconf 81' lang='lat' dir='ltr'>·geometrioam</span> 
     </span>
     <span class='ocr_line' id='line_1_31' title="bbox 68 3253 1016 3352; baseline -0.007 -12"><span class='ocrx_word' id='word_1_199' title='bbox 68 3287 134 3341; x_wconf 82' lang='lat' dir='ltr'>Vat.</span> <span class='ocrx_word' id='word_1_200' title='bbox 154 3287 184 3340; x_wconf 86' lang='lat' dir='ltr'>et</span> <span class='ocrx_word' id='word_1_201' title='bbox 202 3283 283 3339; x_wconf 89' lang='lat' dir='ltr'>Bern.</span> <span class='ocrx_word' id='word_1_202' title='bbox 307 3286 336 3339; x_wconf 87' lang='lat' dir='ltr'>st</span> <span class='ocrx_word' id='word_1_203' title='bbox 353 3283 465 3339; x_wconf 88' lang='lat' dir='ltr'>Bamb..</span> <span class='ocrx_word' id='word_1_204' title='bbox 490 3253 619 3352; x_wconf 78' lang='lat' dir='ltr'>indigent</span> <span class='ocrx_word' id='word_1_205' title='bbox 713 3289 746 3338; x_wconf 83' lang='lat'>16</span> <span class='ocrx_word' id='word_1_206' title='bbox 765 3281 875 3336; x_wconf 89' lang='lat' dir='ltr'>Bamb..</span> <span class='ocrx_word' id='word_1_207' title='bbox 900 3281 1016 3350; x_wconf 82' lang='lat' dir='ltr'>diligere</span> 
     </span>
     <span class='ocr_line' id='line_1_32' title="bbox 69 3347 1090 3418; baseline -0.007 -8"><span class='ocrx_word' id='word_1_208' title='bbox 69 3363 103 3411; x_wconf 76' lang='grc'>19</span> <span class='ocrx_word' id='word_1_209' title='bbox 122 3356 202 3412; x_wconf 86' lang='lat' dir='ltr'>Vat..</span> <span class='ocrx_word' id='word_1_210' title='bbox 221 3355 405 3410; x_wconf 83' lang='lat' dir='ltr'>Milebitsnus</span> <span class='ocrx_word' id='word_1_211' title='bbox 493 3359 527 3408; x_wconf 67' lang='grc' dir='ltr'>ιι</span> <span class='ocrx_word' id='word_1_212' title='bbox 547 3353 657 3409; x_wconf 54' lang='lat' dir='ltr'>namna</span> <span class='ocrx_word' id='word_1_213' title='bbox 676 3352 819 3418; x_wconf 81' lang='lat' dir='ltr'>Achillas,</span> <span class='ocrx_word' id='word_1_214' title='bbox 839 3351 934 3405; x_wconf 84' lang='lat' dir='ltr'>Rern:</span> <span class='ocrx_word' id='word_1_215' title='bbox 928 3347 1090 3418; x_wconf 85' lang='lat' dir='ltr'>·Aobylius</span> 
     </span>
    </p>
   </div>
   <div class='ocr_carea' id='block_1_10' title="bbox 0 0 1269 3802">
    <p class='ocr_par' dir='ltr' id='par_1_10' title="bbox 0 0 1269 3802">
     <span class='ocr_line' id='line_1_33' title="bbox 0 0 1269 3802; baseline 0 0"><span class='ocrx_word' id='word_1_216' title='bbox 0 0 1269 3802; x_wconf 95' lang='lat' dir='ltr'> </span> 
     </span>
    </p>
   </div>
  </div>
 </body>
</html>
