2522 3802
514 137 732 202 ..99-

110 299 188 344 men
212 299 290 344 cura
313 276 468 344 adsersus
491 275 704 345 Nestorianos
728 282 761 343 et
782 279 1015 364 Eutychianos.
1053 279 1131 348 Rui-

108 389 189 432 nam
222 366 322 431 etiam
353 366 546 432 Antiochiae
584 366 726 452 elegiaco
760 369 902 434 carmine
933 367 1061 452 planxit
1092 391 1130 436 eo

110 455 278 522 auditores
300 455 450 520 imbuens
478 475 571 533 sono,
600 477 664 540 quo
686 455 831 540 Ephrem
859 457 1012 524 diaconus
1034 457 1130 525 Nico-

109 543 237 610 mediae
263 544 400 627 lapsum.
450 541 589 608 Moritur
615 543 724 610 Leone
752 548 786 612 et
815 543 997 612 Maioriano
1030 548 1130 632 impe·

108 633 269 698 rantibus.
1166 649 1182 698 5

472 724 555 815 cap.
583 723 660 795 Lx
667 723 775 796 VIII.

202 858 372 927 Salvianus
379 912 389 946 ‚
416 859 631 927 Massiliensis
654 863 834 949 presbyter,
862 863 1005 930 humana
1028 866 1061 929 et
1084 865 1130 930 di·

108 952 187 1017 vina
207 950 393 1016 litteratura
410 951 588 1016 instructus
608 953 650 1034 et,
668 954 705 1017 ut
724 951 845 1040 absque
863 953 985 1019 invidia
1005 952 1130 1039 loquar,

110 1040 338 1124 episcoporum
358 1039 535 1124 magister,
569 1039 699 1124 scripsit
727 1041 922 1108 scholastico
955 1047 988 1107 et
1015 1045 1127 1127 aperto

110 1149 259 1193 sermone
287 1127 404 1212 multa,
436 1148 475 1191 ex
503 1127 619 1213 quibus
646 1129 711 1192 ista
741 1130 821 1216 legi:
850 1131 900 1194 ‘de
928 1131 1127 1216 virginitatis
1149 1146 1181 1194 10

109 1214 208 1282 bono’
232 1215 273 1281 ed
291 1215 482 1281 Marcellum
502 1216 730 1300 presbyterum
752 1217 855 1282 libros
875 1223 1036 1303 quattuor,
1061 1218 1127 1284 ‘ad-

108 1326 239 1370 versum
262 1302 443 1370 avaritiam'
466 1305 568 1372 libros
592 1307 755 1390 quattuor,
783 1305 834 1370 ‘de
856 1308 1020 1390 praesenti
1043 1307 1126 1371 iudi-

108 1393 171 1460 cio’
194 1394 296 1458 libros
319 1393 475 1478 quinque,
496 1397 529 1458 et
546 1415 607 1478 pro
627 1413 738 1460 eorum
757 1395 872 1461 merito
892 1395 1126 1462 satisfactionis

109 1481 162 1547 ‘ad
187 1479 367 1548 Salonium'
393 1482 581 1566 episcopum
610 1481 730 1548 librum
759 1505 868 1568 uuum,
897 1488 930 1549 ct
953 1484 1125 1568 expositio-

107 1572 159 1636 nis
192 1573 354 1636 extremae
385 1571 489 1654 partis
522 1571 598 1635 libri
626 1569 843 1638 Ecclesiastes
873 1573 915 1637 ad
945 1570 1178 1656 Claudium,15

108 1659 298 1744 episcopum
325 1657 562 1744 Viennensem,
593 1658 713 1725 librum
741 1681 857 1742 unum,
880 1659 1125 1746 ‘epistularum'

107 1749 228 1814 librum
245 1769 347 1814 unum
366 1751 399 1814 et
416 1748 451 1813 in
469 1769 593 1814 morem
607 1747 803 1815 Graecorum
823 1749 873 1815 ‘de
892 1750 1052 1836 principio
1072 1771 1125 1836 ge·

109 1838 195 1902 nesis
218 1859 321 1922 usque
345 1836 386 1901 ad
405 1837 628 1903 condicionem
646 1837 800 1904 homiuis'
825 1840 1007 1925 composuit
1030 1861 1126 1906 versu

107 1926 202 2012 quasi
231 1925 447 1990 hexaemeron
475 1925 594 1990 librum
617 1947 733 2012 unum,
756 1926 942 1993 ‘homilias'
966 1929 1125 2013 episcopie

107 2014 212 2080 iactae
234 2015 367 2097 multas,
392 2013 694 2080 ‘sacramentorum’
718 2037 794 2080 vero
818 2020 971 2101 quantas,
993 2038 1054 2081 nec
1077 2037 1124 2080 re·
1145 2029 1180 2080 20

108 2103 231 2168 cordor.
268 2101 362 2168 Vivit
382 2123 485 2188 usque
507 2101 604 2168 hodie
627 2103 663 2168 in
687 2107 851 2170 senectute
874 2105 968 2170 bona.

492 2283 574 2375 Cep.
602 2283 749 2356 LXIX.

198 2420 355 2487 Paulinus
384 2422 566 2506 composuit
592 2424 751 2489 tractatus
780 2422 830 2488 ‘de
860 2424 952 2490 initio
982 2424 1124 2502 Quadra-

109 2508 275 2596 gesimae',
303 2533 320 2576 e
351 2511 468 2596 quibus
498 2531 559 2597 ego
587 2509 667 2576 duos
697 2511 777 2597 legi,
801 2511 851 2577 ‘de
875 2513 926 2578 die
949 2513 1123 2580 Dominico

108 2597 274 2683 paschee',
298 2597 353 2664 ‘de
381 2597 612 2684 oboedientia',
636 2597 691 2664 ‘de
719 2601 943 2685 paenitentia'‚
967 2600 1022 2667 ‘de
1049 2623 1124 2668 neo·
1143 2615 1177 2666 25

108 2686 242 2773 phytis'.

500 2781 582 2872 Cap.
610 2781 734 2852 LXX.

196 2917 356 2998 Hilarius,
372 2918 574 2984 Arelatensis
588 2919 773 3003 episcopus,
791 2918 841 2984 vir
855 2919 890 2983 in
909 2920 1029 2986 sanetis
1045 2921 1123 2985 scri·

106 3009 212 3092 pturis
236 3007 364 3090 doctus,
386 3007 588 3093 paupertatis
612 3011 740 3072 amator
762 3011 796 3074 et
814 3028 892 3094 erga
914 3008 1029 3094 inopes
1046 3031 1122 3093 pro-

106 3097 202 3182 visor,
229 3117 299 3162 non
326 3097 431 3162 solum
458 3097 577 3163 mentis
605 3096 739 3182 pictate,
767 3097 823 3162 sed
847 3101 880 3162 et
903 3100 1053 3183 corporis.
1070 3099 1120 3163 sui
1141 3113 1176 3164 30

106 3185 218 3252 labore
242 3185 401 3252 sollicitus
424 3184 495 3251 fuit
530 3183 617 3251 Nam
640 3207 699 3269 pro
722 3185 903 3253 reficiendis
926 3186 1121 3273 pauperibus

177 3333 193 3381 3
213 3324 308 3380 Rern:
328 3323 503 3380 coauditores
582 3331 597 3380 7
616 3323 734 3382 Bamb.:
754 3323 895 3382 silvianus
973 3333 1007 3382 29
1026 3327 1121 3382 Bern:

107 3413 174 3466 erga
192 3397 309 3466 inopum
327 3395 514 3465 provisionem

818 3464 905 3538 fir*
