2522 3802
515 108 731 172 ..55-

502 250 583 342 cap.
615 251 752 323 Xera

203 387 367 472 Asterius,
399 387 541 452 Arianae
564 387 779 472 philosophus
803 389 969 475 factionis,
1002 391 1133 474 scripsit

109 480 271 562 regnante
295 474 489 543 Constantio
517 477 552 540 in
582 477 753 560 epistulam
780 477 821 542 ad
843 475 1008 544 Romanos
1041 480 1131 543 etin

111 565 285 650 evangelia
313 568 347 630 et
373 565 408 629 in
431 565 575 648 psalmos
599 565 850 632 commentarios
873 570 907 631 et
929 569 1032 632 multa
1056 567 1130 650 alia,

110 675 197 738 quae
221 675 241 718 a
268 674 346 719 suaa
369 653 473 738 partis
495 653 682 718 hominibus
706 653 943 720 studiosissime
965 656 1165 740 leguntur.o

510 833 592 924 Oop.
624 833 737 906 XCV.
759 795 762 800 Ι

203 969 347 1056 Lucifer,
375 967 583 1036 Caralitanus
608 972 777 1057 episcopus
801 993 875 1038 cum
898 973 1073 1040 Pancratio
1098 976 1130 1037 et

112 1057 251 1142 Hilario,
270 1057 437 1125 Romanae
456 1059 609 1124 ecclesiae
628 1059 751 1126 clericis
770 1060 812 1126 ad
826 1059 1053 1128 Constantium
1072 1061 1131 1126 im·

111 1150 297 1232 potatorem
321 1146 490 1214 aLiberio
514 1148 666 1232 episcopo
689 1171 748 1232 pro
767 1149 829 1214 fide
852 1151 979 1236 legatus
1002 1151 1132 1231 missus,

111 1259 186 1301 eum
210 1235 315 1300 nollet
338 1235 398 1300 sub
421 1236 554 1300 nomine
577 1235 753 1302 Athanasii
775 1235 953 1303 Nicacnam
976 1237 1130 1302 damnare
1151 1253 1185 1300 10

111 1324 224 1407 fidem,
247 1323 283 1388 in
305 1323 526 1390 Palaestinam
554 1325 716 1412 relegatus
743 1326 844 1390 mirae
872 1326 1074 1391 constantiae
1098 1327 1131 1388 et

112 1413 300 1496 praeparati
333 1412 434 1478 animi
463 1413 504 1477 ad
533 1413 727 1498 martyrium
760 1417 873 1480 contra
901 1413 1132 1480 Constantium

112 1503 343 1586 imperatorem
366 1501 498 1586 scripsit
524 1502 643 1567 librum
667 1503 760 1587 eique
782 1501 955 1590 legendum
978 1501 1068 1566 misit
1093 1521 1131 1565 ac

112 1611 181 1654 non
204 1589 308 1654 multo
331 1592 408 1673 post
431 1590 490 1655 sub
514 1589 641 1656 iuliano
664 1591 810 1677 principe
833 1612 980 1657 reversus
1004 1587 1129 1656 Caralis

112 1675 348 1744 Valentiniano
371 1682 529 1764 regnante
552 1679 645 1744 obiit
1153 1689 1185 1739 15

500 1813 597 1950 Cup.¹
614 1859 751 1932 XOVI.

202 1993 379 2080 Eusebius,
401 1996 534 2062 natione
559 1995 678 2062 Sardus
703 2001 736 2063 et
760 2019 798 2062 ex
820 1998 943 2062 lectore
961 1987 1051 2062 urbis
1065 1994 1132 2062 Ro-

112 2105 184 2149 mae
208 2081 427 2149 Vercellensis
456 2085 642 2169 episeopus,
674 2087 716 2150 ob
745 2085 980 2151 confessionem
1008 2083 1082 2147 fidei
1112 2105 1133 2148 a

112 2171 308 2238 Constantio
331 2172 476 2257 principe
495 2171 720 2258 Scythopolim
744 2177 777 2239 et
799 2173 874 2238 inde
889 2171 1129 2256 Cappadociam

111 2263 276 2346 relegatus
313 2261 372 2326 sub
401 2259 528 2328 Iuliano
552 2261 747 2346 imperatore
777 2262 818 2327 ad
842 2262 1012 2328 ecelesiam
1036 2283 1127 2326 suam
1147 2276 1182 2323 20

112 2371 261 2414 reversus
291 2353 341 2414 est
370 2349 534 2435 ediditque
561 2351 595 2415 in
622 2351 768 2435 psalmos
792 2349 1041 2416 commentarios
1064 2348 1130 2415 Flu·

115 2439 198 2503 scbii
221 2435 458 2518 Caesariensis,
485 2461 566 2524 quos
595 2438 634 2504 de
657 2461 774 2526 graeco
802 2439 837 2505 in
864 2439 1003 2504 lctinum
1025 2444 1130 2506 verte-

112 2529 177 2610 rat,
205 2531 239 2592 et
261 2529 407 2592 mortuus
440 2532 490 2593 est
513 2526 747 2595 Valentiniano
771 2533 805 2596 et
827 2527 967 2594 Valente
990 2549 1130 2612 regnan·

112 2615 211 2681 tibus.

487 2707 570 2798 Cap.
602 2709 763 2781 XCVII.
1150 2731 1184 2780 aa

202 2843 471 2930 Fortunatianus,
494 2847 628 2912 natione
653 2846 740 2928 Afer,
763 2843 982 2930 Aquileiensis
1006 2841 1131 2926 episco-

113 2957 187 3018 pus,
220 2935 401 3018 imperante
430 2933 626 3000 Constantio
655 2935 690 3000 in
717 2933 887 3020 evangelia
915 2931 1021 2998 titulis
1047 2931 1131 2998 ordi-

113 3023 200 3088 natis
233 3023 347 3088 breves
380 3045 527 3088 sermone
556 3023 678 3088 rustico
707 3022 839 3109 scripsit
872 3021 1131 3103 commentarios,

113 3115 146 3176 et
168 3111 204 3176 in
226 3111 288 3176 hoo
310 3111 450 3177 habetur
473 3111 686 3195 detestabilis,
710 3111 796 3196 quod
811 3111 989 3196 Liberium,
1011 3109 1130 3174 Roma·

185 3291 201 3340 8
222 3285 299 3342 Vct:
318 3286 424 3356 Hylaro
499 3292 532 3341 10
550 3286 628 3340 Vat.=
648 3286 791 3342 Anmtasii
869 3291 903 3341 28
924 3284 1034 3338 Bamb.:
1053 3279 1134 3337 brevi

113 3355 275 3426 rusticoque
346 3358 456 3413 Bamb.:
481 3356 650 3425 conscripsit

843 3652 984 3726 A
