2522 3802
493 95 711 159 ..79-

91 233 311 300 ‘Palaestinae
339 235 590 300 ecclesiasticam
617 233 812 320 historiam',
840 233 939 320 Hysti
973 234 1112 302 Romani

92 321 312 407 ‘sententias',
348 321 484 408 Euagrii
513 321 725 408 ‘sententias',
756 321 922 408 Pamphili
954 325 1111 408 martyris

93 409 278 477 ‘adversum
307 409 578 477 mathematicos’.
622 411 750 476 Horum
773 412 917 476 omnium
941 433 1111 496 quaecum·

94 520 158 586 que
180 500 367 584 praemissis
390 500 536 586 prologis
558 521 579 564 a
600 498 727 566 Latinis
754 501 921 584 leguntur,
949 522 970 564 a
992 500 1109 566 Rufino

92 589 308 672 interpretata
340 591 429 672 sunt3
466 609 549 674 quae
576 609 652 654 vero
686 587 755 653 sine
786 588 936 673 prologo,
969 588 1009 653 ab
1042 587 1108 653 alie
1146 607 1162 654 o

91 675 255 742 translata
282 681 370 760 sunt,
398 677 453 763 qui
480 677 653 763 prologum
676 675 783 742 facere
810 677 929 760 noluit3
958 674 1108 762 Origenis

92 769 202 830 autem
226 787 293 830 uon
316 765 440 849 omnia,
462 766 539 850 quia
562 769 596 830 et
617 765 837 850 Hieronymus
860 764 1029 830 transtulit
1051 764 1108 830 ali·

93 858 217 938 quanta
240 875 323 939 quae
343 875 402 922 suo
421 855 556 938 prologo
574 853 807 920 discernuntur.
839 851 975 937 Proprie
999 856 1108 918 autem

92 942 215 1019 labore,
237 943 337 1008 immo
361 943 486 1029 gratiae
508 941 571 1008 Dei
594 943 679 1008 dono
698 942 848 1026 exposuit
869 941 955 1006 idem
972 939 1108 1008 Rufinus

93 1029 313 1115 ‘symbolum',
345 1031 444 1098 utin
471 1031 540 1098 eius
572 1031 815 1115 comparatione
843 1030 900 1096 alii
925 1052 985 1096 nee
1012 1049 1162 1115 expo-10

95 1119 200 1184 suisee
228 1119 407 1185 credantur.
458 1117 621 1186 Disseruit
651 1123 685 1184 et
714 1118 982 1186 ‘benedictionem
1009 1117 1108 1184 Iacob

93 1228 192 1291 super
213 1207 427 1292 patriarchas'
450 1207 585 1292 triplici,
608 1207 642 1272 id
665 1210 724 1290 est,
747 1207 913 1290 historico,
936 1207 1052 1272 morali
1075 1213 1108 1272 et

91 1295 229 1380 mystico
253 1319 359 1362 sensu.
405 1295 543 1381 Scripsit
569 1300 603 1360 et
624 1295 781 1380 epistulas
798 1294 848 1360 'ad
873 1294 1023 1358 timorem
1045 1292 1107 1360 Dei

89 1383 291 1452 hortatorias
310 1386 439 1470 multas,
461 1386 547 1452 inter
570 1406 651 1469 quas
674 1383 819 1448 eminent
841 1382 1029 1466 illaesquas
1054 1381 1107 1447 ‘ad

88 1471 244 1539 Probam'
272 1473 369 1540 dedit
414 1473 579 1542 Historiae
606 1473 705 1538 etiam
728 1471 978 1554 ecclesiastieae,
1009 1492 1106 1555 quam
1126 1489 1160 1538 15

89 1561 132 1626 ab
154 1561 298 1628 Eusebio
326 1563 543 1648 conscriptam
572 1561 669 1628 stab
692 1561 756 1626 isto
787 1559 926 1624 diximus
949 1560 1105 1642 interpre-

88 1653 204 1734 tatem,
228 1650 353 1716 addidit
371 1651 533 1717 decimum
555 1655 589 1718 et
611 1650 816 1716 undecimum
834 1647 945 1714 libros.
987 1646 1050 1713 Sed
1073 1653 1106 1713 et

88 1738 299 1804 obtrectatori
339 1740 567 1824 opusculorum
608 1759 740 1806 suorum
776 1736 944 1822 respondit
980 1736 1105 1802 duobus

87 1826 323 1913 voluminibus,
350 1849 489 1916 arguens
513 1833 546 1894 et
568 1830 762 1894 convincens
786 1849 821 1893 se
843 1825 905 1890 Dei
928 1825 1049 1890 intuitu
1073 1830 1106 1891 et

87 1915 241 1981 ecelesiae
268 1917 411 1982 utilitate
434 1915 575 1984 Domino
599 1916 777 1984 auxiliante
804 1914 972 1999 ingenium
1000 1915 1104 1999 agita-
1124 1931 1158 1981 20

86 2004 186 2088 risse,
213 2005 305 2070 illum
338 2027 415 2072 vero
442 2006 668 2072 aemulationis
701 2004 833 2069 stimulo
861 2002 1034 2068 incitatum
1062 2003 1104 2067 ad

88 2091 281 2177 obloquium
304 2094 416 2170 stilum
438 2093 583 2161 vertisse.

464 2275 546 2366 (Iup.
573 2273 725 2348 XVIII.

174 2411 349 2478 'tichonius
372 2411 466 2497 Afer,
488 2412 523 2478 in
547 2412 663 2478 divinis
686 2411 804 2478 litteris
828 2411 988 2497 eruditus,
1011 2411 1103 2478 iuxta

84 2499 256 2566 historiam
283 2501 482 2567 sufficienter
509 2504 542 2566 et
564 2501 601 2566 in
623 2501 844 2568 saecularibus
871 2521 938 2568 non
968 2501 1102 2586 ignarus
1121 2515 1155 2563 ac

83 2587 147 2653 luit
179 2593 212 2654 at
247 2589 282 2654 in
323 2589 550 2656 ecclesiasticis
588 2612 716 2676 quoque
748 2591 890 2676 negotiis
928 2590 1101 2655 studiosus.

83 2674 224 2762 Scripsit
256 2677 311 2743 ‘ds
342 2679 430 2745 bello
464 2678 636 2745 intestino'
667 2679 769 2745 libros
802 2683 836 2743 et
868 2676 1100 2761 ‘expositiones

83 2765 283 2832 diversarum
298 2767 488 2852 causarum’,
502 2768 536 2832 iu
549 2768 667 2853 quibus
677 2768 719 2834 ob
734 2789 866 2834 suorum
880 2763 1100 2830 defensionem

82 2855 290 2940 antiquarum
311 2856 460 2922 meminit
483 2855 688 2939 synodorum.
724 2855 753 2922 It
773 2856 890 2942 quibus
914 2853 1102 2939 agnoscitur

81 2941 289 3008 Donatianae
315 2945 418 3029 partis
447 2944 557 3010 fuisse.
604 2943 796 3028 Composuit
819 2947 852 3009 et
883 2941 1036 3028 ‘regulas’
1060 2943 1101 3010 ad
1120 2957 1154 3005 eo

79 3031 343 3118 investigandam
388 3037 422 3101 et
468 3031 803 3117 comprehendendam
848 3032 1100 3119 intelligentiam

153 3211 168 3262 ¹1
188 3205 266 3263 Vetr
284 3207 438 3265 mundis
510 3213 544 3264 14
562 3207 674 3264 Bamb.:
693 3209 855 3280 praenitent
934 3214 970 3265 24
988 3208 1099 3264 samba

78 3277 295 3404 inmigffie
377 3285 411 3336 29
429 3277 543 3336 Bamb.=
562 3296 578 3336 e
597 3279 699 3350 quibua
719 3279 849 3336 omnibus
934 3286 967 3334 31
988 3279 1099 3338 Banu:
