<?xml version="1.0" encoding="UTF-8"?>
<!DOCTYPE html PUBLIC "-//W3C//DTD XHTML 1.0 Transitional//EN"
    "http://www.w3.org/TR/xhtml1/DTD/xhtml1-transitional.dtd">
<html xmlns="http://www.w3.org/1999/xhtml" xml:lang="en" lang="en">
 <head>
  <title>
</title>
<meta http-equiv="Content-Type" content="text/html;charset=utf-8" />
  <meta name='ocr-system' content='tesseract 3.04.00' />
  <meta name='ocr-capabilities' content='ocr_page ocr_carea ocr_par ocr_line ocrx_word'/>
</head>
<body>
  <div class='ocr_page' id='page_1' title='image "./heironymideviri01jerogoog_0141.png"; bbox 0 0 2522 3802; ppageno 0'>
   <div class='ocr_carea' id='block_1_1' title="bbox 540 111 760 184">
    <p class='ocr_par' dir='ltr' id='par_1_1' title="bbox 540 111 760 184">
     <span class='ocr_line' id='line_1_1' title="bbox 540 111 760 184; baseline 0.009 -28"><span class='ocrx_word' id='word_1_1' title='bbox 540 111 760 184; x_wconf 63' lang='lat'><strong>„92-</strong></span> 
     </span>
    </p>
   </div>
   <div class='ocr_carea' id='block_1_2' title="bbox 107 249 1231 788">
    <p class='ocr_par' dir='ltr' id='par_1_2' title="bbox 107 249 1231 788">
     <span class='ocr_line' id='line_1_2' title="bbox 142 249 1167 336; baseline 0 -20"><span class='ocrx_word' id='word_1_2' title='bbox 142 251 298 318; x_wconf 91' lang='lat' dir='ltr'><strong>dentium.</strong></span> <span class='ocrx_word' id='word_1_3' title='bbox 344 249 408 316; x_wconf 89' lang='lat' dir='ltr'><strong>Hic</strong></span> <span class='ocrx_word' id='word_1_4' title='bbox 431 250 576 318; x_wconf 87' lang='lat' dir='ltr'><strong>Iulianus</strong></span> <span class='ocrx_word' id='word_1_5' title='bbox 600 251 815 335; x_wconf 85' lang='lat' dir='ltr'><strong>eleemosynis</strong></span> <span class='ocrx_word' id='word_1_6' title='bbox 837 254 985 336; x_wconf 87' lang='lat' dir='ltr'><strong>tempore</strong></span> <span class='ocrx_word' id='word_1_7' title='bbox 1007 250 1108 318; x_wconf 85' lang='lat' dir='ltr'><strong>famis</strong></span> <span class='ocrx_word' id='word_1_8' title='bbox 1133 255 1167 316; x_wconf 87' lang='lat' dir='ltr'><strong>et</strong></span> 
     </span>
     <span class='ocr_line' id='line_1_3' title="bbox 142 339 1165 426; baseline -0.002 -20"><span class='ocrx_word' id='word_1_9' title='bbox 142 340 312 425; x_wconf 78' lang='lat' dir='ltr'><strong>angustiae</strong></span> <span class='ocrx_word' id='word_1_10' title='bbox 331 339 556 426; x_wconf 75' lang='lat' dir='ltr'><strong>indigentibus</strong></span> <span class='ocrx_word' id='word_1_11' title='bbox 578 339 762 424; x_wconf 77' lang='lat' dir='ltr'><strong>prorogatis</strong></span> <span class='ocrx_word' id='word_1_12' title='bbox 781 339 892 404; x_wconf 90' lang='lat' dir='ltr'><strong>multis</strong></span> <span class='ocrx_word' id='word_1_13' title='bbox 910 340 1165 406; x_wconf 74' lang='lat' dir='ltr'><strong>miserationum</strong></span> 
     </span>
     <span class='ocr_line' id='line_1_4' title="bbox 142 427 1165 513; baseline -0.002 -20"><span class='ocrx_word' id='word_1_14' title='bbox 142 427 249 512; x_wconf 88' lang='lat' dir='ltr'><strong>specie</strong></span> <span class='ocrx_word' id='word_1_15' title='bbox 284 428 447 494; x_wconf 89' lang='lat' dir='ltr'><strong>nobilium</strong></span> <span class='ocrx_word' id='word_1_16' title='bbox 484 427 719 512; x_wconf 85' lang='lat' dir='ltr'><strong>praecipueque</strong></span> <span class='ocrx_word' id='word_1_17' title='bbox 751 428 978 513; x_wconf 78' lang='lat' dir='ltr'><strong>religiosorum</strong></span> <span class='ocrx_word' id='word_1_18' title='bbox 1010 428 1165 494; x_wconf 81' lang='lat' dir='ltr'><strong>inliciens</strong></span> 
     </span>
     <span class='ocr_line' id='line_1_5' title="bbox 140 513 1166 600; baseline 0 -20"><span class='ocrx_word' id='word_1_19' title='bbox 140 515 248 580; x_wconf 90' lang='lat' dir='ltr'><strong>heresi</strong></span> <span class='ocrx_word' id='word_1_20' title='bbox 271 537 348 581; x_wconf 79' lang='lat' dir='ltr'><strong>suae</strong></span> <span class='ocrx_word' id='word_1_21' title='bbox 372 516 516 583; x_wconf 84' lang='lat' dir='ltr'><strong>sociavit</strong></span> <span class='ocrx_word' id='word_1_22' title='bbox 552 514 692 580; x_wconf 88' lang='lat' dir='ltr'><strong>Moritur</strong></span> <span class='ocrx_word' id='word_1_23' title='bbox 704 513 950 600; x_wconf 83' lang='lat' dir='ltr'><strong>Veientinieno,</strong></span> <span class='ocrx_word' id='word_1_24' title='bbox 974 513 1166 582; x_wconf 81' lang='lat' dir='ltr'><strong>Constantii</strong></span> 
     </span>
     <span class='ocr_line' id='line_1_6' title="bbox 107 604 429 689; baseline -0.022 -13"><span class='ocrx_word' id='word_1_25' title='bbox 107 604 218 689; x_wconf 81' lang='lat' dir='ltr'><strong>ofilio,</strong></span> <span class='ocrx_word' id='word_1_26' title='bbox 239 605 429 689; x_wconf 87' lang='lat' dir='ltr'><strong>imperante.</strong></span> 
     </span>
     <span class='ocr_line' id='line_1_7' title="bbox 516 692 1231 788; baseline 0 -22"><span class='ocrx_word' id='word_1_27' title='bbox 516 695 598 788; x_wconf 79' lang='lat' dir='ltr'><strong>Cap.</strong></span> <span class='ocrx_word' id='word_1_28' title='bbox 631 693 811 767; x_wconf 82' lang='lat' dir='ltr'><strong><em>XLVII.-</em></strong></span> <span class='ocrx_word' id='word_1_29' title='bbox 1229 692 1231 786; x_wconf 77' lang='lat' dir='ltr'><strong>l</strong></span> 
     </span>
    </p>
   </div>
   <div class='ocr_carea' id='block_1_3' title="bbox 91 831 1235 1270">
    <p class='ocr_par' dir='ltr' id='par_1_3' title="bbox 142 798 1234 1094">
     <span class='ocr_line' id='line_1_8' title="bbox 231 831 1163 919; baseline 0.002 -21"><span class='ocrx_word' id='word_1_30' title='bbox 231 833 394 900; x_wconf 80' lang='lat' dir='ltr'><strong>Lucienus</strong></span> <span class='ocrx_word' id='word_1_31' title='bbox 407 833 587 919; x_wconf 78' lang='lat' dir='ltr'><strong>presbyter,</strong></span> <span class='ocrx_word' id='word_1_32' title='bbox 604 835 655 899; x_wconf 78' lang='lat' dir='ltr'><strong>vir</strong></span> <span class='ocrx_word' id='word_1_33' title='bbox 674 836 816 911; x_wconf 87' lang='lat' dir='ltr'><strong>sanctus,</strong></span> <span class='ocrx_word' id='word_1_34' title='bbox 834 832 887 896; x_wconf 90' lang='lat' dir='ltr'><strong>cui</strong></span> <span class='ocrx_word' id='word_1_35' title='bbox 899 831 1057 898; x_wconf 83' lang='lat' dir='ltr'><strong>revelavit</strong></span> <span class='ocrx_word' id='word_1_36' title='bbox 1070 831 1163 898; x_wconf 88' lang='lat' dir='ltr'><strong>Deus</strong></span> 
     </span>
     <span class='ocr_line' id='line_1_9' title="bbox 142 904 1233 1006; baseline 0 -20"><span class='ocrx_word' id='word_1_37' title='bbox 142 921 343 1006; x_wconf 79' lang='lat' dir='ltr'><strong>temporibus</strong></span> <span class='ocrx_word' id='word_1_38' title='bbox 366 920 506 987; x_wconf 91' lang='lat' dir='ltr'><strong>Honorii</strong></span> <span class='ocrx_word' id='word_1_39' title='bbox 529 925 563 988; x_wconf 87' lang='lat' dir='ltr'><strong>et</strong></span> <span class='ocrx_word' id='word_1_40' title='bbox 586 921 762 990; x_wconf 85' lang='lat' dir='ltr'><strong>Theodosii</strong></span> <span class='ocrx_word' id='word_1_41' title='bbox 785 920 1025 1004; x_wconf 80' lang='lat' dir='ltr'><strong>Augustorum,</strong></span> <span class='ocrx_word' id='word_1_42' title='bbox 1051 921 1164 988; x_wconf 90' lang='lat' dir='ltr'><strong>locum</strong></span> <span class='ocrx_word' id='word_1_43' title='bbox 1232 904 1233 960; x_wconf 75' lang='lat' dir='ltr'><strong>l</strong></span> 
     </span>
     <span class='ocr_line' id='line_1_10' title="bbox 143 1006 1234 1094; baseline 0.005 -22"><span class='ocrx_word' id='word_1_44' title='bbox 143 1008 281 1091; x_wconf 82' lang='lat' dir='ltr'><strong>sepulcri</strong></span> <span class='ocrx_word' id='word_1_45' title='bbox 304 1011 338 1074; x_wconf 88' lang='lat' dir='ltr'><strong>et</strong></span> <span class='ocrx_word' id='word_1_46' title='bbox 355 1009 565 1093; x_wconf 83' lang='lat' dir='ltr'><strong>reliquiarum</strong></span> <span class='ocrx_word' id='word_1_47' title='bbox 584 1011 730 1094; x_wconf 90' lang='lat' dir='ltr'><strong>corporis</strong></span> <span class='ocrx_word' id='word_1_48' title='bbox 748 1009 853 1074; x_wconf 83' lang='lat' dir='ltr'><strong>suncti</strong></span> <span class='ocrx_word' id='word_1_49' title='bbox 867 1006 1040 1094; x_wconf 83' lang='lat' dir='ltr'><strong>Stephani,</strong></span> <span class='ocrx_word' id='word_1_50' title='bbox 1062 1011 1164 1093; x_wconf 88' lang='lat' dir='ltr'><strong>primi</strong></span> <span class='ocrx_word' id='word_1_51' title='bbox 1233 1010 1234 1040; x_wconf 63' lang='lat'>¹</span> 
     </span>
    </p>

    <p class='ocr_par' dir='ltr' id='par_1_4' title="bbox 91 1096 1235 1270">
     <span class='ocr_line' id='line_1_11' title="bbox 91 1096 1235 1182; baseline 0.003 -22"><span class='ocrx_word' id='word_1_52' title='bbox 91 1120 126 1170; x_wconf 90' lang='lat' dir='ltr'><strong>1o</strong></span> <span class='ocrx_word' id='word_1_53' title='bbox 144 1096 312 1182; x_wconf 83' lang='lat' dir='ltr'><strong>martyris,</strong></span> <span class='ocrx_word' id='word_1_54' title='bbox 340 1097 471 1180; x_wconf 84' lang='lat' dir='ltr'><strong>scripsit</strong></span> <span class='ocrx_word' id='word_1_55' title='bbox 492 1098 598 1182; x_wconf 83' lang='lat' dir='ltr'><strong>ipsum</strong></span> <span class='ocrx_word' id='word_1_56' title='bbox 621 1099 853 1164; x_wconf 85' lang='lat' dir='ltr'><strong>revelationem</strong></span> <span class='ocrx_word' id='word_1_57' title='bbox 876 1097 916 1162; x_wconf 86' lang='lat' dir='ltr'><strong>ed</strong></span> <span class='ocrx_word' id='word_1_58' title='bbox 940 1097 1087 1164; x_wconf 89' lang='lat' dir='ltr'><strong>omnium</strong></span> <span class='ocrx_word' id='word_1_59' title='bbox 1111 1119 1164 1163; x_wconf 89' lang='lat' dir='ltr'><strong>ec·</strong></span> <span class='ocrx_word' id='word_1_60' title='bbox 1234 1116 1235 1136; x_wconf 64' lang='lat'>¹</span> 
     </span>
     <span class='ocr_line' id='line_1_12' title="bbox 145 1185 837 1270; baseline 0.003 -20"><span class='ocrx_word' id='word_1_61' title='bbox 145 1185 315 1250; x_wconf 85' lang='lat' dir='ltr'><strong>elesiarum</strong></span> <span class='ocrx_word' id='word_1_62' title='bbox 338 1206 510 1270; x_wconf 88' lang='lat' dir='ltr'><strong>personam</strong></span> <span class='ocrx_word' id='word_1_63' title='bbox 533 1185 656 1252; x_wconf 77' lang='lat' dir='ltr'><strong>Graeco</strong></span> <span class='ocrx_word' id='word_1_64' title='bbox 681 1205 837 1252; x_wconf 90' lang='lat' dir='ltr'><strong>sermone.</strong></span> 
     </span>
    </p>
   </div>
   <div class='ocr_carea' id='block_1_4' title="bbox 505 1347 806 1441">
    <p class='ocr_par' dir='ltr' id='par_1_5' title="bbox 505 1347 806 1441">
     <span class='ocr_line' id='line_1_13' title="bbox 505 1347 806 1441; baseline -0.007 -21"><span class='ocrx_word' id='word_1_65' title='bbox 505 1348 587 1441; x_wconf 80' lang='lat' dir='ltr'><strong>Cup.</strong></span> <span class='ocrx_word' id='word_1_66' title='bbox 619 1347 806 1421; x_wconf 85' lang='lat' dir='ltr'><strong><em>XLVIII.</em></strong></span> 
     </span>
    </p>
   </div>
   <div class='ocr_carea' id='block_1_5' title="bbox 91 1484 1163 1814">
    <p class='ocr_par' dir='ltr' id='par_1_6' title="bbox 232 1484 1162 1572">
     <span class='ocr_line' id='line_1_14' title="bbox 232 1484 1162 1572; baseline 0 -22"><span class='ocrx_word' id='word_1_67' title='bbox 232 1484 350 1552; x_wconf 82' lang='lat' dir='ltr'><strong>Avitus</strong></span> <span class='ocrx_word' id='word_1_68' title='bbox 368 1488 545 1571; x_wconf 84' lang='lat' dir='ltr'><strong>presbyter,</strong></span> <span class='ocrx_word' id='word_1_69' title='bbox 562 1485 702 1572; x_wconf 79' lang='lat' dir='ltr'><strong>Hispani</strong></span> <span class='ocrx_word' id='word_1_70' title='bbox 725 1485 862 1570; x_wconf 85' lang='lat' dir='ltr'><strong>generis,</strong></span> <span class='ocrx_word' id='word_1_71' title='bbox 885 1487 960 1550; x_wconf 87' lang='lat' dir='ltr'><strong>ente</strong></span> <span class='ocrx_word' id='word_1_72' title='bbox 982 1486 1085 1550; x_wconf 88' lang='lat' dir='ltr'><strong>latum</strong></span> <span class='ocrx_word' id='word_1_73' title='bbox 1098 1484 1162 1550; x_wconf 88' lang='lat' dir='ltr'><strong>Lu-</strong></span> 
     </span>
    </p>

    <p class='ocr_par' dir='ltr' id='par_1_7' title="bbox 144 1571 1162 1659">
     <span class='ocr_line' id='line_1_15' title="bbox 144 1571 1162 1659; baseline 0 -21"><span class='ocrx_word' id='word_1_74' title='bbox 144 1572 229 1638; x_wconf 90' lang='lat' dir='ltr'><strong>ciani</strong></span> <span class='ocrx_word' id='word_1_75' title='bbox 251 1574 432 1658; x_wconf 85' lang='lat' dir='ltr'><strong>presbyteri</strong></span> <span class='ocrx_word' id='word_1_76' title='bbox 451 1574 645 1659; x_wconf 88' lang='lat' dir='ltr'><strong>scripturam</strong></span> <span class='ocrx_word' id='word_1_77' title='bbox 666 1575 702 1640; x_wconf 89' lang='lat' dir='ltr'><strong>in</strong></span> <span class='ocrx_word' id='word_1_78' title='bbox 724 1571 879 1639; x_wconf 87' lang='lat' dir='ltr'><strong>Latinum</strong></span> <span class='ocrx_word' id='word_1_79' title='bbox 901 1573 1073 1640; x_wconf 79' lang='lat' dir='ltr'><strong>transtulit</strong></span> <span class='ocrx_word' id='word_1_80' title='bbox 1096 1595 1162 1639; x_wconf 89' lang='lat' dir='ltr'><strong>ser·</strong></span> 
     </span>
    </p>

    <p class='ocr_par' dir='ltr' id='par_1_8' title="bbox 91 1660 1163 1814">
     <span class='ocr_line' id='line_1_16' title="bbox 91 1660 1163 1747; baseline 0.003 -22"><span class='ocrx_word' id='word_1_81' title='bbox 91 1686 125 1737; x_wconf 83' lang='lat'><strong>15</strong></span> <span class='ocrx_word' id='word_1_82' title='bbox 144 1683 274 1726; x_wconf 91' lang='lat' dir='ltr'><strong>monem</strong></span> <span class='ocrx_word' id='word_1_83' title='bbox 304 1665 337 1726; x_wconf 89' lang='lat' dir='ltr'><strong>et</strong></span> <span class='ocrx_word' id='word_1_84' title='bbox 364 1662 490 1728; x_wconf 84' lang='lat' dir='ltr'><strong>adiecta</strong></span> <span class='ocrx_word' id='word_1_85' title='bbox 518 1663 659 1747; x_wconf 84' lang='lat' dir='ltr'><strong>epistula</strong></span> <span class='ocrx_word' id='word_1_86' title='bbox 686 1684 746 1728; x_wconf 88' lang='lat' dir='ltr'><strong>suc</strong></span> <span class='ocrx_word' id='word_1_87' title='bbox 772 1683 832 1746; x_wconf 92' lang='lat' dir='ltr'><strong>per</strong></span> <span class='ocrx_word' id='word_1_88' title='bbox 854 1660 1006 1727; x_wconf 88' lang='lat' dir='ltr'><strong>Orosium</strong></span> <span class='ocrx_word' id='word_1_89' title='bbox 1027 1663 1163 1747; x_wconf 91' lang='lat' dir='ltr'><strong>presby-</strong></span> 
     </span>
     <span class='ocr_line' id='line_1_17' title="bbox 143 1749 656 1814; baseline 0.004 -2"><span class='ocrx_word' id='word_1_90' title='bbox 143 1753 248 1814; x_wconf 89' lang='lat' dir='ltr'><strong>terum</strong></span> <span class='ocrx_word' id='word_1_91' title='bbox 272 1749 524 1814; x_wconf 88' lang='lat' dir='ltr'><strong>occidentalibus</strong></span> <span class='ocrx_word' id='word_1_92' title='bbox 547 1749 656 1814; x_wconf 84' lang='lat' dir='ltr'><strong>edidit</strong></span> 
     </span>
    </p>
   </div>
   <div class='ocr_carea' id='block_1_6' title="bbox 525 1910 784 2002">
    <p class='ocr_par' dir='ltr' id='par_1_9' title="bbox 525 1910 784 2002">
     <span class='ocr_line' id='line_1_18' title="bbox 525 1910 784 2002; baseline 0.004 -19"><span class='ocrx_word' id='word_1_93' title='bbox 525 1911 608 2002; x_wconf 65' lang='lat' dir='ltr'><strong>erp.</strong></span> <span class='ocrx_word' id='word_1_94' title='bbox 641 1910 784 1984; x_wconf 67' lang='lat' dir='ltr'><strong>merx.</strong></span> 
     </span>
    </p>
   </div>
   <div class='ocr_carea' id='block_1_7' title="bbox 89 2047 1161 3017">
    <p class='ocr_par' dir='ltr' id='par_1_10' title="bbox 232 2047 1161 2136">
     <span class='ocr_line' id='line_1_19' title="bbox 232 2047 1161 2136; baseline 0 -22"><span class='ocrx_word' id='word_1_95' title='bbox 232 2048 404 2136; x_wconf 85' lang='lat' dir='ltr'><strong>Paulinus,</strong></span> <span class='ocrx_word' id='word_1_96' title='bbox 426 2047 530 2116; x_wconf 81' lang='lat' dir='ltr'><strong>Nolae</strong></span> <span class='ocrx_word' id='word_1_97' title='bbox 545 2047 743 2134; x_wconf 81' lang='lat' dir='ltr'><strong>Campaniae</strong></span> <span class='ocrx_word' id='word_1_98' title='bbox 766 2049 951 2135; x_wconf 86' lang='lat' dir='ltr'><strong>episcopus,</strong></span> <span class='ocrx_word' id='word_1_99' title='bbox 975 2051 1161 2134; x_wconf 82' lang='lat' dir='ltr'><strong>composuit</strong></span> 
     </span>
    </p>

    <p class='ocr_par' dir='ltr' id='par_1_11' title="bbox 90 2137 1161 2665">
     <span class='ocr_line' id='line_1_20' title="bbox 144 2137 1161 2222; baseline 0 -20"><span class='ocrx_word' id='word_1_100' title='bbox 144 2159 239 2204; x_wconf 84' lang='lat' dir='ltr'><strong>versu</strong></span> <span class='ocrx_word' id='word_1_101' title='bbox 261 2139 386 2222; x_wconf 84' lang='lat' dir='ltr'><strong>brevic,</strong></span> <span class='ocrx_word' id='word_1_102' title='bbox 409 2138 465 2203; x_wconf 89' lang='lat' dir='ltr'><strong>sed</strong></span> <span class='ocrx_word' id='word_1_103' title='bbox 488 2137 607 2222; x_wconf 84' lang='lat' dir='ltr'><strong>multa;</strong></span> <span class='ocrx_word' id='word_1_104' title='bbox 636 2141 669 2202; x_wconf 92' lang='lat' dir='ltr'><strong>et</strong></span> <span class='ocrx_word' id='word_1_105' title='bbox 692 2137 733 2203; x_wconf 88' lang='lat' dir='ltr'><strong>ad</strong></span> <span class='ocrx_word' id='word_1_106' title='bbox 756 2137 885 2204; x_wconf 84' lang='lat' dir='ltr'><strong>Celsum</strong></span> <span class='ocrx_word' id='word_1_107' title='bbox 909 2138 1071 2222; x_wconf 89' lang='lat' dir='ltr'><strong>quendam</strong></span> <span class='ocrx_word' id='word_1_108' title='bbox 1094 2137 1161 2222; x_wconf 92' lang='lat' dir='ltr'><strong>epi·</strong></span> 
     </span>
     <span class='ocr_line' id='line_1_21' title="bbox 90 2225 1161 2310; baseline 0.002 -20"><span class='ocrx_word' id='word_1_109' title='bbox 90 2229 128 2302; x_wconf 83' lang='lat'><strong>20⁰</strong></span> <span class='ocrx_word' id='word_1_110' title='bbox 143 2225 246 2310; x_wconf 85' lang='lat' dir='ltr'><strong>tophii</strong></span> <span class='ocrx_word' id='word_1_111' title='bbox 269 2227 338 2292; x_wconf 87' lang='lat' dir='ltr'><strong>vice</strong></span> <span class='ocrx_word' id='word_1_112' title='bbox 361 2227 614 2292; x_wconf 89' lang='lat' dir='ltr'><strong>consolatorium</strong></span> <span class='ocrx_word' id='word_1_113' title='bbox 636 2227 784 2292; x_wconf 88' lang='lat' dir='ltr'><strong>libellum</strong></span> <span class='ocrx_word' id='word_1_114' title='bbox 812 2225 926 2310; x_wconf 73' lang='lat' dir='ltr'><strong>‘super</strong></span> <span class='ocrx_word' id='word_1_115' title='bbox 953 2230 1057 2292; x_wconf 91' lang='lat' dir='ltr'><strong>morte</strong></span> <span class='ocrx_word' id='word_1_116' title='bbox 1080 2226 1161 2291; x_wconf 92' lang='lat' dir='ltr'><strong>chri·</strong></span> 
     </span>
     <span class='ocr_line' id='line_1_22' title="bbox 143 2313 1160 2400; baseline 0.002 -22"><span class='ocrx_word' id='word_1_117' title='bbox 143 2313 242 2378; x_wconf 89' lang='lat' dir='ltr'><strong>stiani</strong></span> <span class='ocrx_word' id='word_1_118' title='bbox 269 2318 302 2379; x_wconf 90' lang='lat' dir='ltr'><strong>et</strong></span> <span class='ocrx_word' id='word_1_119' title='bbox 328 2313 486 2399; x_wconf 80' lang='lat' dir='ltr'><strong>baptizati</strong></span> <span class='ocrx_word' id='word_1_120' title='bbox 518 2313 666 2380; x_wconf 85' lang='lat' dir='ltr'><strong>infantis&#39;</strong></span> <span class='ocrx_word' id='word_1_121' title='bbox 699 2337 755 2400; x_wconf 89' lang='lat' dir='ltr'><strong>spe</strong></span> <span class='ocrx_word' id='word_1_122' title='bbox 783 2314 961 2380; x_wconf 89' lang='lat' dir='ltr'><strong>christiana</strong></span> <span class='ocrx_word' id='word_1_123' title='bbox 989 2315 1160 2398; x_wconf 87' lang='lat' dir='ltr'><strong>munitum,</strong></span> 
     </span>
     <span class='ocr_line' id='line_1_23' title="bbox 143 2399 1160 2488; baseline 0.001 -22"><span class='ocrx_word' id='word_1_124' title='bbox 143 2405 177 2466; x_wconf 89' lang='lat' dir='ltr'><strong>et</strong></span> <span class='ocrx_word' id='word_1_125' title='bbox 199 2401 241 2466; x_wconf 87' lang='lat' dir='ltr'><strong>ad</strong></span> <span class='ocrx_word' id='word_1_126' title='bbox 259 2399 413 2468; x_wconf 84' lang='lat' dir='ltr'><strong>Severum</strong></span> <span class='ocrx_word' id='word_1_127' title='bbox 436 2403 545 2487; x_wconf 84' lang='lat' dir='ltr'><strong>plures</strong></span> <span class='ocrx_word' id='word_1_128' title='bbox 569 2403 724 2488; x_wconf 82' lang='lat' dir='ltr'><strong>epistulas</strong></span> <span class='ocrx_word' id='word_1_129' title='bbox 749 2407 782 2468; x_wconf 89' lang='lat' dir='ltr'><strong>et</strong></span> <span class='ocrx_word' id='word_1_130' title='bbox 804 2402 846 2468; x_wconf 83' lang='lat' dir='ltr'><strong>ad</strong></span> <span class='ocrx_word' id='word_1_131' title='bbox 861 2402 1079 2469; x_wconf 84' lang='lat' dir='ltr'><strong>Theodosium</strong></span> <span class='ocrx_word' id='word_1_132' title='bbox 1101 2403 1160 2467; x_wconf 92' lang='lat' dir='ltr'><strong>im·</strong></span> 
     </span>
     <span class='ocr_line' id='line_1_24' title="bbox 143 2491 1160 2578; baseline 0.003 -25"><span class='ocrx_word' id='word_1_133' title='bbox 143 2492 326 2574; x_wconf 89' lang='lat' dir='ltr'><strong>peratorem</strong></span> <span class='ocrx_word' id='word_1_134' title='bbox 348 2494 425 2556; x_wconf 86' lang='lat' dir='ltr'><strong>unte</strong></span> <span class='ocrx_word' id='word_1_135' title='bbox 444 2491 665 2574; x_wconf 81' lang='lat' dir='ltr'><strong>episcopatum</strong></span> <span class='ocrx_word' id='word_1_136' title='bbox 683 2513 781 2576; x_wconf 88' lang='lat' dir='ltr'><strong>prosa</strong></span> <span class='ocrx_word' id='word_1_137' title='bbox 798 2493 1032 2578; x_wconf 83' lang='lat' dir='ltr'><strong>panegyricum</strong></span> <span class='ocrx_word' id='word_1_138' title='bbox 1051 2491 1160 2574; x_wconf 80' lang='lat' dir='ltr'><strong>‘super</strong></span> 
     </span>
     <span class='ocr_line' id='line_1_25' title="bbox 142 2577 1159 2665; baseline 0 -22"><span class='ocrx_word' id='word_1_139' title='bbox 142 2579 280 2643; x_wconf 85' lang='lat' dir='ltr'><strong>victoria</strong></span> <span class='ocrx_word' id='word_1_140' title='bbox 297 2577 532 2663; x_wconf 86' lang='lat' dir='ltr'><strong>tyrannorum&#39;,</strong></span> <span class='ocrx_word' id='word_1_141' title='bbox 550 2600 587 2644; x_wconf 89' lang='lat' dir='ltr'><strong>eo</strong></span> <span class='ocrx_word' id='word_1_142' title='bbox 606 2579 757 2662; x_wconf 83' lang='lat' dir='ltr'><strong>maxime,</strong></span> <span class='ocrx_word' id='word_1_143' title='bbox 775 2580 861 2665; x_wconf 92' lang='lat' dir='ltr'><strong>quod</strong></span> <span class='ocrx_word' id='word_1_144' title='bbox 879 2579 942 2646; x_wconf 89' lang='lat' dir='ltr'><strong>lide</strong></span> <span class='ocrx_word' id='word_1_145' title='bbox 960 2583 994 2645; x_wconf 88' lang='lat' dir='ltr'><strong>et</strong></span> <span class='ocrx_word' id='word_1_146' title='bbox 1012 2579 1159 2646; x_wconf 89' lang='lat' dir='ltr'><strong>oratioue</strong></span> 
     </span>
    </p>

    <p class='ocr_par' dir='ltr' id='par_1_12' title="bbox 89 2667 1161 3017">
     <span class='ocr_line' id='line_1_26' title="bbox 89 2667 1159 2753; baseline 0.001 -21"><span class='ocrx_word' id='word_1_147' title='bbox 89 2693 123 2742; x_wconf 73' lang='lat'><strong>25</strong></span> <span class='ocrx_word' id='word_1_148' title='bbox 142 2667 216 2752; x_wconf 92' lang='lat' dir='ltr'><strong>plus</strong></span> <span class='ocrx_word' id='word_1_149' title='bbox 235 2689 332 2753; x_wconf 88' lang='lat' dir='ltr'><strong>quam</strong></span> <span class='ocrx_word' id='word_1_150' title='bbox 347 2667 446 2733; x_wconf 88' lang='lat' dir='ltr'><strong>ermis</strong></span> <span class='ocrx_word' id='word_1_151' title='bbox 464 2667 585 2733; x_wconf 84' lang='lat' dir='ltr'><strong>vicerit</strong></span> <span class='ocrx_word' id='word_1_152' title='bbox 621 2667 712 2732; x_wconf 77' lang='lat' dir='ltr'><strong>Fecit</strong></span> <span class='ocrx_word' id='word_1_153' title='bbox 730 2672 764 2733; x_wconf 88' lang='lat' dir='ltr'><strong>et</strong></span> <span class='ocrx_word' id='word_1_154' title='bbox 782 2671 1057 2734; x_wconf 88' lang='lat' dir='ltr'><strong>sacramentorum</strong></span> <span class='ocrx_word' id='word_1_155' title='bbox 1076 2689 1159 2752; x_wconf 90' lang='lat' dir='ltr'><strong>opus</strong></span> 
     </span>
     <span class='ocr_line' id='line_1_27' title="bbox 144 2755 1160 2842; baseline 0 -22"><span class='ocrx_word' id='word_1_156' title='bbox 144 2760 177 2821; x_wconf 89' lang='lat' dir='ltr'><strong>ct</strong></span> <span class='ocrx_word' id='word_1_157' title='bbox 204 2757 410 2842; x_wconf 82' lang='lat' dir='ltr'><strong>hymnorum.</strong></span> <span class='ocrx_word' id='word_1_158' title='bbox 454 2755 508 2821; x_wconf 85' lang='lat' dir='ltr'><strong>Ad</strong></span> <span class='ocrx_word' id='word_1_159' title='bbox 536 2777 681 2822; x_wconf 88' lang='lat' dir='ltr'><strong>sororem</strong></span> <span class='ocrx_word' id='word_1_160' title='bbox 708 2777 836 2842; x_wconf 88' lang='lat' dir='ltr'><strong>quoque</strong></span> <span class='ocrx_word' id='word_1_161' title='bbox 859 2756 1017 2841; x_wconf 82' lang='lat' dir='ltr'><strong>epistulas</strong></span> <span class='ocrx_word' id='word_1_162' title='bbox 1040 2755 1160 2821; x_wconf 85' lang='lat' dir='ltr'><strong>multus</strong></span> 
     </span>
     <span class='ocr_line' id='line_1_28' title="bbox 144 2843 1160 2930; baseline 0.001 -22"><span class='ocrx_word' id='word_1_163' title='bbox 144 2843 195 2908; x_wconf 79' lang='lat' dir='ltr'><strong>‘de</strong></span> <span class='ocrx_word' id='word_1_164' title='bbox 218 2849 406 2930; x_wconf 91' lang='lat' dir='ltr'><strong>contemptu</strong></span> <span class='ocrx_word' id='word_1_165' title='bbox 429 2844 552 2911; x_wconf 88' lang='lat' dir='ltr'><strong>mundi&#39;</strong></span> <span class='ocrx_word' id='word_1_166' title='bbox 576 2845 679 2930; x_wconf 87' lang='lat' dir='ltr'><strong>dedit,</strong></span> <span class='ocrx_word' id='word_1_167' title='bbox 707 2845 802 2910; x_wconf 90' lang='lat' dir='ltr'><strong>etde</strong></span> <span class='ocrx_word' id='word_1_168' title='bbox 825 2845 959 2911; x_wconf 84' lang='lat' dir='ltr'><strong>diversis</strong></span> <span class='ocrx_word' id='word_1_169' title='bbox 983 2845 1089 2910; x_wconf 87' lang='lat' dir='ltr'><strong>causis</strong></span> <span class='ocrx_word' id='word_1_170' title='bbox 1114 2843 1160 2909; x_wconf 92' lang='lat' dir='ltr'><strong>di·</strong></span> 
     </span>
     <span class='ocr_line' id='line_1_29' title="bbox 144 2933 1161 3017; baseline 0.001 -21"><span class='ocrx_word' id='word_1_171' title='bbox 144 2951 238 2996; x_wconf 87' lang='lat' dir='ltr'><strong>versa</strong></span> <span class='ocrx_word' id='word_1_172' title='bbox 261 2933 480 3017; x_wconf 78' lang='lat' dir='ltr'><strong>disputatione</strong></span> <span class='ocrx_word' id='word_1_173' title='bbox 502 2937 662 3000; x_wconf 70' lang='lat' dir='ltr'><strong>bactetus</strong></span> <span class='ocrx_word' id='word_1_174' title='bbox 681 2934 790 2999; x_wconf 91' lang='lat' dir='ltr'><strong>edidit.</strong></span> <span class='ocrx_word' id='word_1_175' title='bbox 831 2933 1027 3017; x_wconf 82' lang='lat' dir='ltr'><strong>Praecipuus</strong></span> <span class='ocrx_word' id='word_1_176' title='bbox 1049 2936 1161 2997; x_wconf 82' lang='lat' dir='ltr'><strong>temen</strong></span> 
     </span>
    </p>
   </div>
   <div class='ocr_carea' id='block_1_8' title="bbox 126 3069 1160 3422">
    <p class='ocr_par' dir='ltr' id='par_1_13' title="bbox 126 3069 1160 3422">
     <span class='ocr_line' id='line_1_30' title="bbox 215 3069 1160 3143; baseline 0.001 -19"><span class='ocrx_word' id='word_1_177' title='bbox 215 3075 231 3124; x_wconf 76' lang='lat'>2</span> <span class='ocrx_word' id='word_1_178' title='bbox 250 3069 363 3126; x_wconf 84' lang='lat' dir='ltr'><strong>Bamb.:</strong></span> <span class='ocrx_word' id='word_1_179' title='bbox 383 3072 511 3127; x_wconf 88' lang='lat' dir='ltr'><strong>omnibus</strong></span> <span class='ocrx_word' id='word_1_180' title='bbox 530 3072 588 3127; x_wconf 84' lang='lat' dir='ltr'><strong>suis</strong></span> <span class='ocrx_word' id='word_1_181' title='bbox 606 3071 766 3143; x_wconf 76' lang='lat' dir='ltr'><strong>prorogetis</strong></span> <span class='ocrx_word' id='word_1_182' title='bbox 864 3071 1014 3127; x_wconf 74' lang='lat' dir='ltr'><strong>tBamb.=</strong></span> <span class='ocrx_word' id='word_1_183' title='bbox 1032 3071 1160 3127; x_wconf 84' lang='lat' dir='ltr'><strong>Valenti-</strong></span> 
     </span>
     <span class='ocr_line' id='line_1_31' title="bbox 126 3139 1160 3212; baseline -0.002 -15"><span class='ocrx_word' id='word_1_184' title='bbox 126 3141 228 3197; x_wconf 82' lang='lat' dir='ltr'><strong>·niuno</strong></span> <span class='ocrx_word' id='word_1_185' title='bbox 253 3142 282 3196; x_wconf 92' lang='lat' dir='ltr'><strong>et</strong></span> <span class='ocrx_word' id='word_1_186' title='bbox 300 3139 465 3196; x_wconf 81' lang='lat' dir='ltr'><strong>Constantio</strong></span> <span class='ocrx_word' id='word_1_187' title='bbox 488 3141 547 3194; x_wconf 86' lang='lat' dir='ltr'><strong>filio</strong></span> <span class='ocrx_word' id='word_1_188' title='bbox 567 3141 627 3196; x_wconf 85' lang='lat' dir='ltr'><strong>eius</strong></span> <span class='ocrx_word' id='word_1_189' title='bbox 645 3141 852 3212; x_wconf 82' lang='lat' dir='ltr'><strong>imperantibus</strong></span> <span class='ocrx_word' id='word_1_190' title='bbox 926 3148 958 3197; x_wconf 82' lang='lat'><strong>13</strong></span> <span class='ocrx_word' id='word_1_191' title='bbox 978 3143 1090 3200; x_wconf 66' lang='lat' dir='ltr'><strong>Remus</strong></span> <span class='ocrx_word' id='word_1_192' title='bbox 1111 3141 1160 3195; x_wconf 87' lang='lat' dir='ltr'><strong>Hi-</strong></span> 
     </span>
     <span class='ocr_line' id='line_1_32' title="bbox 143 3208 1159 3337; baseline -0.001 -69"><span class='ocrx_word' id='word_1_193' title='bbox 143 3230 248 3283; x_wconf 84' lang='lat' dir='ltr'><strong>spunus</strong></span> <span class='ocrx_word' id='word_1_194' title='bbox 266 3227 368 3319; x_wconf 73' lang='lat' dir='ltr'><strong>genere</strong></span> <span class='ocrx_word' id='word_1_195' title='bbox 443 3208 556 3264; x_wconf 83' lang='lat' dir='ltr'><strong>Bumb.:</strong></span> <span class='ocrx_word' id='word_1_196' title='bbox 576 3211 718 3333; x_wconf 73' lang='lat' dir='ltr'><strong>relatamB</strong></span> <span class='ocrx_word' id='word_1_197' title='bbox 766 3218 807 3333; x_wconf 60' lang='grc' dir='ltr'><strong>ἐι</strong></span> <span class='ocrx_word' id='word_1_198' title='bbox 825 3212 937 3336; x_wconf 27' lang='lat' dir='ltr'><strong>lidii&amp;</strong></span> <span class='ocrx_word' id='word_1_199' title='bbox 956 3212 1159 3337; x_wconf 43' lang='lat' dir='ltr'><strong>reglaffizm</strong></span> 
     </span>
     <span class='ocr_line' id='line_1_33' title="bbox 143 3281 1159 3422; baseline 0.002 -15"><span class='ocrx_word' id='word_1_200' title='bbox 143 3284 292 3410; x_wconf 43' lang='lat' dir='ltr'><strong>brevival‘</strong></span> <span class='ocrx_word' id='word_1_201' title='bbox 309 3281 676 3418; x_wconf 54' lang='lat' dir='ltr'><strong>llthll‘iriilinlii&#39;irinariurril³</strong></span> <span class='ocrx_word' id='word_1_202' title='bbox 719 3297 768 3402; x_wconf 53' lang='lat' dir='ltr'><strong>aii</strong></span> <span class='ocrx_word' id='word_1_203' title='bbox 787 3321 901 3405; x_wconf 65' lang='lat' dir='ltr'><strong>bamb:</strong></span> <span class='ocrx_word' id='word_1_204' title='bbox 921 3350 1045 3407; x_wconf 78' lang='lat' dir='ltr'><strong>diversos</strong></span> <span class='ocrx_word' id='word_1_205' title='bbox 1064 3323 1159 3422; x_wconf 58' lang='lat' dir='ltr'><strong>diupi]</strong></span> 
     </span>
    </p>
   </div>
   <div class='ocr_carea' id='block_1_9' title="bbox 0 0 1266 3802">
    <p class='ocr_par' dir='ltr' id='par_1_14' title="bbox 0 0 1266 3802">
     <span class='ocr_line' id='line_1_34' title="bbox 0 0 1266 3802; baseline 0 1"><span class='ocrx_word' id='word_1_206' title='bbox 0 0 1266 3802; x_wconf 95' lang='lat' dir='ltr'><strong> </strong></span> 
     </span>
    </p>
   </div>
  </div>
 </body>
</html>
