<?xml version="1.0" encoding="UTF-8"?>
<!DOCTYPE html PUBLIC "-//W3C//DTD XHTML 1.0 Transitional//EN"
    "http://www.w3.org/TR/xhtml1/DTD/xhtml1-transitional.dtd">
<html xmlns="http://www.w3.org/1999/xhtml" xml:lang="en" lang="en">
 <head>
  <title>
</title>
<meta http-equiv="Content-Type" content="text/html;charset=utf-8" />
  <meta name='ocr-system' content='tesseract 3.04.00' />
  <meta name='ocr-capabilities' content='ocr_page ocr_carea ocr_par ocr_line ocrx_word'/>
</head>
<body>
  <div class='ocr_page' id='page_1' title='image "./heironymideviri01jerogoog_0106.png"; bbox 0 0 2522 3802; ppageno 0'>
   <div class='ocr_carea' id='block_1_1' title="bbox 502 118 721 183">
    <p class='ocr_par' dir='ltr' id='par_1_1' title="bbox 502 118 721 183">
     <span class='ocr_line' id='line_1_1' title="bbox 502 118 721 183; baseline -0.008 0"><span class='ocrx_word' id='word_1_1' title='bbox 502 118 721 183; x_wconf 76' lang='lat'>—57-</span> 
     </span>
    </p>
   </div>
   <div class='ocr_carea' id='block_1_2' title="bbox 99 255 1173 1506">
    <p class='ocr_par' dir='ltr' id='par_1_2' title="bbox 99 255 1173 1230">
     <span class='ocr_line' id='line_1_2' title="bbox 102 255 1119 344; baseline 0.002 -22"><span class='ocrx_word' id='word_1_2' title='bbox 102 255 218 342; x_wconf 87' lang='lat' dir='ltr'><strong>nopoli</strong></span> <span class='ocrx_word' id='word_1_3' title='bbox 249 259 451 341; x_wconf 77' lang='lat' dir='ltr'><strong>porrexerat,</strong></span> <span class='ocrx_word' id='word_1_4' title='bbox 481 260 516 324; x_wconf 84' lang='lat' dir='ltr'><strong>st</strong></span> <span class='ocrx_word' id='word_1_5' title='bbox 546 257 715 326; x_wconf 85' lang='lat' dir='ltr'><strong>aliusin</strong></span> <span class='ocrx_word' id='word_1_6' title='bbox 744 256 987 324; x_wconf 77' lang='lat' dir='ltr'><strong>Constantiom’</strong></span> <span class='ocrx_word' id='word_1_7' title='bbox 1022 279 1119 344; x_wconf 90' lang='lat' dir='ltr'><strong>quem</strong></span> 
     </span>
     <span class='ocr_line' id='line_1_3' title="bbox 101 281 1119 434; baseline -0.001 -20"><span class='ocrx_word' id='word_1_8' title='bbox 101 349 181 434; x_wconf 85' lang='lat' dir='ltr'><strong>post</strong></span> <span class='ocrx_word' id='word_1_9' title='bbox 201 347 342 412; x_wconf 79' lang='lat' dir='ltr'><strong>mortem</strong></span> <span class='ocrx_word' id='word_1_10' title='bbox 365 345 434 412; x_wconf 86' lang='lat' dir='ltr'><strong>cius</strong></span> <span class='ocrx_word' id='word_1_11' title='bbox 458 346 603 432; x_wconf 89' lang='lat' dir='ltr'><strong>scripsit,</strong></span> <span class='ocrx_word' id='word_1_12' title='bbox 632 349 665 412; x_wconf 89' lang='lat' dir='ltr'><strong>at</strong></span> <span class='ocrx_word' id='word_1_13' title='bbox 686 347 769 413; x_wconf 86' lang='lat' dir='ltr'><strong>libor</strong></span> <span class='ocrx_word' id='word_1_14' title='bbox 793 345 976 414; x_wconf 81' lang='lat' dir='ltr'><strong>adversum</strong></span> <span class='ocrx_word' id='word_1_15' title='bbox 999 281 1119 413; x_wconf 61' lang='lat' dir='ltr'><strong>Vitan-</strong></span> 
     </span>
     <span class='ocr_line' id='line_1_4' title="bbox 100 433 1119 516; baseline -0.005 -11"><span class='ocrx_word' id='word_1_16' title='bbox 100 445 169 505; x_wconf 86' lang='lat' dir='ltr'><strong>tern</strong></span> <span class='ocrx_word' id='word_1_17' title='bbox 192 440 227 502; x_wconf 87' lang='lat' dir='ltr'><strong>st</strong></span> <span class='ocrx_word' id='word_1_18' title='bbox 243 433 437 516; x_wconf 84' lang='lat' dir='ltr'><strong>Ursaoium’,</strong></span> <span class='ocrx_word' id='word_1_19' title='bbox 458 434 630 502; x_wconf 73' lang='lat' dir='ltr'><strong>historiam</strong></span> <span class='ocrx_word' id='word_1_20' title='bbox 648 434 866 502; x_wconf 80' lang='lat' dir='ltr'><strong>Ariminensis</strong></span> <span class='ocrx_word' id='word_1_21' title='bbox 885 438 918 500; x_wconf 91' lang='lat' dir='ltr'><strong>et</strong></span> <span class='ocrx_word' id='word_1_22' title='bbox 937 433 1119 502; x_wconf 80' lang='lat' dir='ltr'><strong>Seleuoien-</strong></span> 
     </span>
     <span class='ocr_line' id='line_1_5' title="bbox 104 484 1118 610; baseline -0.002 -18"><span class='ocrx_word' id='word_1_23' title='bbox 104 527 150 592; x_wconf 89' lang='lat' dir='ltr'><strong>sis</strong></span> <span class='ocrx_word' id='word_1_24' title='bbox 181 523 298 610; x_wconf 68' lang='lat' dir='ltr'><strong>modi</strong></span> <span class='ocrx_word' id='word_1_25' title='bbox 326 484 509 607; x_wconf 79' lang='lat' dir='ltr'><strong>contidons,</strong></span> <span class='ocrx_word' id='word_1_26' title='bbox 541 525 574 588; x_wconf 85' lang='lat' dir='ltr'><strong>et</strong></span> <span class='ocrx_word' id='word_1_27' title='bbox 602 521 660 590; x_wconf 87' lang='lat' dir='ltr'><strong>ad</strong></span> <span class='ocrx_word' id='word_1_28' title='bbox 686 522 886 609; x_wconf 84' lang='lat' dir='ltr'><strong>praefectum</strong></span> <span class='ocrx_word' id='word_1_29' title='bbox 913 522 1045 590; x_wconf 86' lang='lat' dir='ltr'><strong>Sallust</strong></span> <span class='ocrx_word' id='word_1_30' title='bbox 1021 522 1118 590; x_wconf 84' lang='grc' dir='ltr'><strong>ιιιιιιι’</strong></span> 
     </span>
     <span class='ocr_line' id='line_1_6' title="bbox 104 609 1156 714; baseline -0.003 -33"><span class='ocrx_word' id='word_1_31' title='bbox 104 615 175 681; x_wconf 87' lang='lat' dir='ltr'><strong>sive</strong></span> <span class='ocrx_word' id='word_1_32' title='bbox 198 613 329 680; x_wconf 86' lang='lat' dir='ltr'><strong>contrs</strong></span> <span class='ocrx_word' id='word_1_33' title='bbox 351 609 571 698; x_wconf 84' lang='lat' dir='ltr'><strong>Dioscurunr&#39;,</strong></span> <span class='ocrx_word' id='word_1_34' title='bbox 598 613 632 678; x_wconf 89' lang='lat' dir='ltr'><strong>et</strong></span> <span class='ocrx_word' id='word_1_35' title='bbox 655 610 753 680; x_wconf 81' lang='lat' dir='ltr'><strong>‘liber</strong></span> <span class='ocrx_word' id='word_1_36' title='bbox 775 610 972 714; x_wconf 87' lang='lat' dir='ltr'><strong>hymnorum</strong></span> <span class='ocrx_word' id='word_1_37' title='bbox 995 615 1028 676; x_wconf 85' lang='lat' dir='ltr'><strong>et</strong></span> <span class='ocrx_word' id='word_1_38' title='bbox 1050 627 1156 696; x_wconf 64' lang='grc' dir='ltr'><strong>ιιι-5</strong></span> 
     </span>
     <span class='ocr_line' id='line_1_7' title="bbox 104 661 1120 784; baseline -0.004 -16"><span class='ocrx_word' id='word_1_39' title='bbox 104 699 299 768; x_wconf 84' lang='lat' dir='ltr'><strong>stcriorum’</strong></span> <span class='ocrx_word' id='word_1_40' title='bbox 323 700 421 784; x_wconf 87' lang='lat' dir='ltr'><strong>alius,</strong></span> <span class='ocrx_word' id='word_1_41' title='bbox 453 704 487 766; x_wconf 87' lang='lat' dir='ltr'><strong>et</strong></span> <span class='ocrx_word' id='word_1_42' title='bbox 509 661 786 767; x_wconf 86' lang='lat' dir='ltr'><strong>coiumcntarii</strong></span> <span class='ocrx_word' id='word_1_43' title='bbox 776 723 812 766; x_wconf 88' lang='lat' dir='ltr'><strong>m</strong></span> <span class='ocrx_word' id='word_1_44' title='bbox 834 698 1063 780; x_wconf 84' lang='lat' dir='ltr'><strong>Matthaeum’‚</strong></span> <span class='ocrx_word' id='word_1_45' title='bbox 1087 703 1120 764; x_wconf 89' lang='lat' dir='ltr'><strong>et</strong></span> 
     </span>
     <span class='ocr_line' id='line_1_8' title="bbox 105 787 1119 875; baseline -0.005 -17.94"><span class='ocrx_word' id='word_1_46' title='bbox 105 791 280 857; x_wconf 76' lang='grc' dir='ltr'><strong>ιιιιιιιιιιιιι</strong></span> <span class='ocrx_word' id='word_1_47' title='bbox 299 787 421 854; x_wconf 91' lang='lat' dir='ltr'><strong>iulob&#39;</strong></span> <span class='ocrx_word' id='word_1_48' title='bbox 421 810 535 873; x_wconf 89' lang='lat' dir='ltr'><strong>,quos</strong></span> <span class='ocrx_word' id='word_1_49' title='bbox 559 788 598 855; x_wconf 84' lang='lat' dir='ltr'><strong>de</strong></span> <span class='ocrx_word' id='word_1_50' title='bbox 618 809 734 874; x_wconf 81' lang='lat' dir='ltr'><strong>graeco</strong></span> <span class='ocrx_word' id='word_1_51' title='bbox 749 787 899 875; x_wconf 80' lang='lat' dir='ltr'><strong>Origenis</strong></span> <span class='ocrx_word' id='word_1_52' title='bbox 923 788 965 853; x_wconf 85' lang='lat' dir='ltr'><strong>sd</strong></span> <span class='ocrx_word' id='word_1_53' title='bbox 988 809 1119 853; x_wconf 86' lang='lat' dir='ltr'><strong>sensum</strong></span> 
     </span>
     <span class='ocr_line' id='line_1_9' title="bbox 105 837 1119 979; baseline -0.004 -34"><span class='ocrx_word' id='word_1_54' title='bbox 105 877 293 962; x_wconf 86' lang='lat' dir='ltr'><strong>transtulit,</strong></span> <span class='ocrx_word' id='word_1_55' title='bbox 311 880 344 942; x_wconf 84' lang='lat' dir='ltr'><strong>et</strong></span> <span class='ocrx_word' id='word_1_56' title='bbox 329 837 446 943; x_wconf 81' lang='lat' dir='ltr'><strong>tslids</strong></span> <span class='ocrx_word' id='word_1_57' title='bbox 465 877 597 979; x_wconf 79' lang='lat' dir='ltr'><strong>elegans</strong></span> <span class='ocrx_word' id='word_1_58' title='bbox 615 876 769 943; x_wconf 88' lang='lat' dir='ltr'><strong>libellus</strong></span> <span class='ocrx_word' id='word_1_59' title='bbox 772 881 884 943; x_wconf 88' lang='lat' dir='ltr'><strong>contra</strong></span> <span class='ocrx_word' id='word_1_60' title='bbox 898 875 1039 942; x_wconf 84' lang='lat' dir='ltr'><strong>Auxent</strong></span> <span class='ocrx_word' id='word_1_61' title='bbox 1015 875 1119 961; x_wconf 88' lang='lat' dir='ltr'><strong>t,1’um</strong></span> 
     </span>
     <span class='ocr_line' id='line_1_10' title="bbox 104 926 1119 1052; baseline -0.003 -18"><span class='ocrx_word' id='word_1_62' title='bbox 104 973 139 1034; x_wconf 82' lang='lat' dir='ltr'><strong>et</strong></span> <span class='ocrx_word' id='word_1_63' title='bbox 170 926 351 1032; x_wconf 77' lang='lat' dir='ltr'><strong>nonnullas</strong></span> <span class='ocrx_word' id='word_1_64' title='bbox 383 963 425 1031; x_wconf 87' lang='lat' dir='ltr'><strong>ad</strong></span> <span class='ocrx_word' id='word_1_65' title='bbox 459 965 605 1031; x_wconf 86' lang='lat' dir='ltr'><strong>diversos</strong></span> <span class='ocrx_word' id='word_1_66' title='bbox 638 965 804 1033; x_wconf 86' lang='lat' dir='ltr'><strong>cistulss.</strong></span> <span class='ocrx_word' id='word_1_67' title='bbox 853 965 959 1032; x_wconf 82' lang='lat' dir='ltr'><strong>Aiunt</strong></span> <span class='ocrx_word' id='word_1_68' title='bbox 986 927 1119 1052; x_wconf 83' lang='lat' dir='ltr'><strong>quidsni</strong></span> 
     </span>
     <span class='ocr_line' id='line_1_11' title="bbox 102 989 1173 1141; baseline -0.003 -18"><span class='ocrx_word' id='word_1_69' title='bbox 102 1055 272 1141; x_wconf 75' lang='lat' dir='ltr'>scripsisse</span> <span class='ocrx_word' id='word_1_70' title='bbox 295 1075 369 1120; x_wconf 89' lang='lat' dir='ltr'><strong>enm</strong></span> <span class='ocrx_word' id='word_1_71' title='bbox 391 1055 428 1120; x_wconf 89' lang='lat' dir='ltr'><strong>in</strong></span> <span class='ocrx_word' id='word_1_72' title='bbox 453 1051 624 1121; x_wconf 79' lang='lat' dir='ltr'><strong>Canticum</strong></span> <span class='ocrx_word' id='word_1_73' title='bbox 647 989 870 1139; x_wconf 67' lang='lat' dir='ltr'><strong>dauticorum,</strong></span> <span class='ocrx_word' id='word_1_74' title='bbox 896 1054 953 1120; x_wconf 87' lang='lat' dir='ltr'><strong>sed</strong></span> <span class='ocrx_word' id='word_1_75' title='bbox 975 1077 996 1120; x_wconf 87' lang='lat' dir='ltr'><strong>a</strong></span> <span class='ocrx_word' id='word_1_76' title='bbox 1021 1055 1118 1120; x_wconf 88' lang='lat' dir='ltr'><strong>uobis</strong></span> <span class='ocrx_word' id='word_1_77' title='bbox 1138 1070 1173 1120; x_wconf 80' lang='lat' dir='ltr'><strong>ro</strong></span> 
     </span>
     <span class='ocr_line' id='line_1_12' title="bbox 99 1143 469 1230; baseline -0.008 -20"><span class='ocrx_word' id='word_1_78' title='bbox 99 1145 163 1212; x_wconf 91' lang='lat' dir='ltr'><strong>hoc</strong></span> <span class='ocrx_word' id='word_1_79' title='bbox 187 1165 268 1230; x_wconf 88' lang='lat' dir='ltr'><strong>opus</strong></span> <span class='ocrx_word' id='word_1_80' title='bbox 291 1143 469 1229; x_wconf 80' lang='lat' dir='ltr'><strong>ignoratur.</strong></span> 
     </span>
    </p>

    <p class='ocr_par' dir='ltr' id='par_1_3' title="bbox 100 1229 1117 1410">
     <span class='ocr_line' id='line_1_13' title="bbox 190 1229 1117 1298; baseline -0.001 0"><span class='ocrx_word' id='word_1_81' title='bbox 190 1231 339 1298; x_wconf 82' lang='lat' dir='ltr'><strong>Mortuus</strong></span> <span class='ocrx_word' id='word_1_82' title='bbox 377 1233 428 1297; x_wconf 89' lang='lat' dir='ltr'><strong>est</strong></span> <span class='ocrx_word' id='word_1_83' title='bbox 463 1231 609 1298; x_wconf 79' lang='lat' dir='ltr'><strong>Pictoris</strong></span> <span class='ocrx_word' id='word_1_84' title='bbox 640 1229 946 1298; x_wconf 82' lang='lat' dir='ltr'><strong>Valentiuisnot</strong></span> <span class='ocrx_word' id='word_1_85' title='bbox 913 1233 946 1296; x_wconf 88' lang='lat' dir='ltr'><strong>et</strong></span> <span class='ocrx_word' id='word_1_86' title='bbox 978 1229 1117 1297; x_wconf 83' lang='lat' dir='ltr'><strong>Valente</strong></span> 
     </span>
     <span class='ocr_line' id='line_1_14' title="bbox 100 1320 325 1410; baseline -0.018 -22"><span class='ocrx_word' id='word_1_87' title='bbox 100 1320 325 1410; x_wconf 79' lang='lat' dir='ltr'><strong>regnantibus.</strong></span> 
     </span>
    </p>

    <p class='ocr_par' dir='ltr' id='par_1_4' title="bbox 524 1411 697 1506">
     <span class='ocr_line' id='line_1_15' title="bbox 524 1411 697 1506; baseline 0 -22"><span class='ocrx_word' id='word_1_88' title='bbox 524 1411 606 1506; x_wconf 79' lang='lat' dir='ltr'><strong>Cup.</strong></span> <span class='ocrx_word' id='word_1_89' title='bbox 639 1411 697 1485; x_wconf 83' lang='lat'><strong>01.</strong></span> 
     </span>
    </p>
   </div>
   <div class='ocr_carea' id='block_1_3' title="bbox 97 1546 1170 1992">
    <p class='ocr_par' dir='ltr' id='par_1_5' title="bbox 98 1546 1170 1992">
     <span class='ocr_line' id='line_1_16' title="bbox 190 1546 1170 1637; baseline -0.001 -22"><span class='ocrx_word' id='word_1_90' title='bbox 190 1549 394 1634; x_wconf 73' lang='lat' dir='ltr'><strong>Victorinus,</strong></span> <span class='ocrx_word' id='word_1_91' title='bbox 416 1551 550 1616; x_wconf 83' lang='lat' dir='ltr'><strong>natione</strong></span> <span class='ocrx_word' id='word_1_92' title='bbox 571 1547 668 1637; x_wconf 68' lang='lat' dir='ltr'><strong>Afer,</strong></span> <span class='ocrx_word' id='word_1_93' title='bbox 690 1547 814 1615; x_wconf 84' lang='lat' dir='ltr'><strong>Romae</strong></span> <span class='ocrx_word' id='word_1_94' title='bbox 839 1547 899 1614; x_wconf 92' lang='lat' dir='ltr'><strong>sub</strong></span> <span class='ocrx_word' id='word_1_95' title='bbox 923 1546 1116 1614; x_wconf 82' lang='lat' dir='ltr'><strong>Ooustautio</strong></span> <span class='ocrx_word' id='word_1_96' title='bbox 1137 1565 1170 1614; x_wconf 83' lang='lat'><strong>15</strong></span> 
     </span>
     <span class='ocr_line' id='line_1_17' title="bbox 97 1600 1116 1725; baseline -0.005 -18.89"><span class='ocrx_word' id='word_1_97' title='bbox 97 1639 225 1725; x_wconf 80' lang='lat' dir='ltr'><strong>princip</strong></span> <span class='ocrx_word' id='word_1_98' title='bbox 227 1660 245 1704; x_wconf 87' lang='lat' dir='ltr'><strong>o</strong></span> <span class='ocrx_word' id='word_1_99' title='bbox 272 1600 468 1704; x_wconf 86' lang='lat' dir='ltr'><strong>rhetoricam</strong></span> <span class='ocrx_word' id='word_1_100' title='bbox 501 1639 611 1704; x_wconf 91' lang='lat' dir='ltr'><strong>docuit</strong></span> <span class='ocrx_word' id='word_1_101' title='bbox 647 1637 717 1703; x_wconf 88' lang='lat' dir='ltr'><strong>et</strong></span> <span class='ocrx_word' id='word_1_102' title='bbox 707 1659 743 1702; x_wconf 91' lang='lat' dir='ltr'><strong>m</strong></span> <span class='ocrx_word' id='word_1_103' title='bbox 775 1640 921 1702; x_wconf 82' lang='lat' dir='ltr'><strong>extrema</strong></span> <span class='ocrx_word' id='word_1_104' title='bbox 950 1639 1116 1703; x_wconf 81' lang='lat' dir='ltr'><strong>senectute</strong></span> 
     </span>
     <span class='ocr_line' id='line_1_18' title="bbox 98 1722 1116 1812; baseline -0.004 -18"><span class='ocrx_word' id='word_1_105' title='bbox 98 1727 225 1794; x_wconf 77' lang='lat' dir='ltr'><strong>Christi</strong></span> <span class='ocrx_word' id='word_1_106' title='bbox 253 1747 287 1793; x_wconf 87' lang='lat' dir='ltr'><strong>ss</strong></span> <span class='ocrx_word' id='word_1_107' title='bbox 314 1728 448 1793; x_wconf 81' lang='lat' dir='ltr'><strong>tradens</strong></span> <span class='ocrx_word' id='word_1_108' title='bbox 470 1727 547 1792; x_wconf 87' lang='lat' dir='ltr'><strong>fidei</strong></span> <span class='ocrx_word' id='word_1_109' title='bbox 570 1726 702 1812; x_wconf 84' lang='lat' dir='ltr'><strong>scripsit</strong></span> <span class='ocrx_word' id='word_1_110' title='bbox 724 1725 895 1792; x_wconf 83' lang='lat' dir='ltr'><strong>advorsus</strong></span> <span class='ocrx_word' id='word_1_111' title='bbox 921 1722 1052 1792; x_wconf 85' lang='lat' dir='ltr'><strong>Arium&#39;</strong></span> <span class='ocrx_word' id='word_1_112' title='bbox 1075 1725 1116 1790; x_wconf 92' lang='lat' dir='ltr'><strong>li·</strong></span> 
     </span>
     <span class='ocr_line' id='line_1_19' title="bbox 100 1815 1115 1901; baseline -0.002 -19"><span class='ocrx_word' id='word_1_113' title='bbox 100 1818 179 1882; x_wconf 90' lang='lat' dir='ltr'><strong>bros</strong></span> <span class='ocrx_word' id='word_1_114' title='bbox 202 1837 293 1882; x_wconf 87' lang='lat' dir='ltr'><strong>more</strong></span> <span class='ocrx_word' id='word_1_115' title='bbox 316 1815 485 1883; x_wconf 82' lang='lat' dir='ltr'><strong>dialectico</strong></span> <span class='ocrx_word' id='word_1_116' title='bbox 507 1815 601 1882; x_wconf 82' lang='lat' dir='ltr'><strong>vuldo</strong></span> <span class='ocrx_word' id='word_1_117' title='bbox 623 1815 778 1882; x_wconf 88' lang='lat' dir='ltr'><strong>obscuros</strong></span> <span class='ocrx_word' id='word_1_118' title='bbox 783 1815 870 1901; x_wconf 90' lang='lat' dir='ltr'><strong>,qui</strong></span> <span class='ocrx_word' id='word_1_119' title='bbox 892 1815 957 1881; x_wconf 88' lang='lat' dir='ltr'><strong>nisi</strong></span> <span class='ocrx_word' id='word_1_120' title='bbox 980 1815 1022 1881; x_wconf 87' lang='lat' dir='ltr'><strong>ab</strong></span> <span class='ocrx_word' id='word_1_121' title='bbox 1045 1835 1115 1881; x_wconf 90' lang='lat' dir='ltr'><strong>sru-</strong></span> 
     </span>
     <span class='ocr_line' id='line_1_20' title="bbox 101 1867 1114 1992; baseline -0.003 -20"><span class='ocrx_word' id='word_1_122' title='bbox 101 1905 179 1972; x_wconf 85' lang='lat' dir='ltr'><strong>dilu&#39;s</strong></span> <span class='ocrx_word' id='word_1_123' title='bbox 197 1925 266 1971; x_wconf 90' lang='lat' dir='ltr'><strong>uon</strong></span> <span class='ocrx_word' id='word_1_124' title='bbox 284 1905 521 1992; x_wconf 77' lang='lat' dir='ltr'><strong>intelliguntur,</strong></span> <span class='ocrx_word' id='word_1_125' title='bbox 534 1907 569 1970; x_wconf 84' lang='lat' dir='ltr'><strong>ot</strong></span> <span class='ocrx_word' id='word_1_126' title='bbox 581 1867 869 1971; x_wconf 81' lang='lat' dir='ltr'><strong>commentarios“</strong></span> <span class='ocrx_word' id='word_1_127' title='bbox 858 1925 894 1969; x_wconf 91' lang='lat' dir='ltr'><strong>m</strong></span> <span class='ocrx_word' id='word_1_128' title='bbox 907 1903 1114 1990; x_wconf 87' lang='lat' dir='ltr'><strong>apostolum’.</strong></span> 
     </span>
    </p>
   </div>
   <div class='ocr_carea' id='block_1_4' title="bbox 513 2065 1170 2160">
    <p class='ocr_par' dir='ltr' id='par_1_6' title="bbox 513 2065 1170 2160">
     <span class='ocr_line' id='line_1_21' title="bbox 513 2065 1170 2160; baseline -0.015 -20"><span class='ocrx_word' id='word_1_129' title='bbox 513 2067 595 2160; x_wconf 72' lang='lat' dir='ltr'><strong>cap</strong></span> <span class='ocrx_word' id='word_1_130' title='bbox 627 2065 709 2138; x_wconf 80' lang='lat' dir='ltr'><strong>cu</strong></span> <span class='ocrx_word' id='word_1_131' title='bbox 1133 2083 1170 2131; x_wconf 69' lang='grc' dir='ltr'><strong>ιο</strong></span> 
     </span>
    </p>
   </div>
   <div class='ocr_carea' id='block_1_5' title="bbox 102 2201 1115 2380">
    <p class='ocr_par' dir='ltr' id='par_1_7' title="bbox 102 2201 1115 2380">
     <span class='ocr_line' id='line_1_22' title="bbox 188 2201 1113 2291; baseline -0.002 -19"><span class='ocrx_word' id='word_1_132' title='bbox 188 2204 297 2288; x_wconf 83' lang='lat' dir='ltr'><strong>Titus,</strong></span> <span class='ocrx_word' id='word_1_133' title='bbox 324 2204 511 2272; x_wconf 86' lang='lat' dir='ltr'><strong>Bostrcusis</strong></span> <span class='ocrx_word' id='word_1_134' title='bbox 540 2205 724 2291; x_wconf 84' lang='lat' dir='ltr'><strong>episcopus,</strong></span> <span class='ocrx_word' id='word_1_135' title='bbox 756 2202 816 2268; x_wconf 92' lang='lat' dir='ltr'><strong>sub</strong></span> <span class='ocrx_word' id='word_1_136' title='bbox 843 2201 968 2269; x_wconf 89' lang='lat' dir='ltr'><strong>Iuliano</strong></span> <span class='ocrx_word' id='word_1_137' title='bbox 1002 2207 1036 2270; x_wconf 89' lang='lat' dir='ltr'><strong>at</strong></span> <span class='ocrx_word' id='word_1_138' title='bbox 1062 2203 1113 2271; x_wconf 90' lang='lat' dir='ltr'><strong>Io·</strong></span> 
     </span>
     <span class='ocr_line' id='line_1_23' title="bbox 102 2255 1115 2380; baseline -0.003 -18"><span class='ocrx_word' id='word_1_139' title='bbox 102 2297 199 2362; x_wconf 81' lang='lat' dir='ltr'><strong>viano</strong></span> <span class='ocrx_word' id='word_1_140' title='bbox 221 2255 424 2380; x_wconf 71' lang='lat' dir='ltr'><strong>principibus</strong></span> <span class='ocrx_word' id='word_1_141' title='bbox 446 2293 548 2360; x_wconf 84' lang='lat' dir='ltr'><strong>fortas</strong></span> <span class='ocrx_word' id='word_1_142' title='bbox 570 2293 741 2360; x_wconf 82' lang='lat' dir='ltr'><strong>adversum</strong></span> <span class='ocrx_word' id='word_1_143' title='bbox 754 2290 963 2360; x_wconf 85' lang='lat' dir='ltr'><strong>Manichaeos</strong></span> <span class='ocrx_word' id='word_1_144' title='bbox 983 2293 1115 2380; x_wconf 83' lang='lat' dir='ltr'><strong>scripsit</strong></span> 
     </span>
    </p>
   </div>
   <div class='ocr_carea' id='block_1_6' title="bbox 96 2379 970 2640">
    <p class='ocr_par' dir='ltr' id='par_1_8' title="bbox 96 2379 970 2640">
     <span class='ocr_line' id='line_1_24' title="bbox 96 2379 970 2451; baseline -0.003 0"><span class='ocrx_word' id='word_1_145' title='bbox 96 2385 199 2451; x_wconf 86' lang='lat' dir='ltr'><strong>libros</strong></span> <span class='ocrx_word' id='word_1_146' title='bbox 221 2386 255 2450; x_wconf 89' lang='lat' dir='ltr'><strong>at</strong></span> <span class='ocrx_word' id='word_1_147' title='bbox 275 2383 436 2450; x_wconf 89' lang='lat' dir='ltr'><strong>nonnulla</strong></span> <span class='ocrx_word' id='word_1_148' title='bbox 457 2383 532 2450; x_wconf 83' lang='lat' dir='ltr'><strong>alia.</strong></span> <span class='ocrx_word' id='word_1_149' title='bbox 575 2381 715 2448; x_wconf 86' lang='lat' dir='ltr'><strong>Moritur</strong></span> <span class='ocrx_word' id='word_1_150' title='bbox 738 2381 798 2448; x_wconf 90' lang='lat' dir='ltr'><strong>sub</strong></span> <span class='ocrx_word' id='word_1_151' title='bbox 822 2379 970 2448; x_wconf 86' lang='lat' dir='ltr'><strong>Valente.</strong></span> 
     </span>
     <span class='ocr_line' id='line_1_25' title="bbox 499 2545 719 2640; baseline -0.005 -21"><span class='ocrx_word' id='word_1_152' title='bbox 499 2545 581 2640; x_wconf 74' lang='lat' dir='ltr'><strong>(lap.</strong></span> <span class='ocrx_word' id='word_1_153' title='bbox 614 2545 719 2619; x_wconf 83' lang='lat'><em>0111.</em></span> 
     </span>
    </p>
   </div>
   <div class='ocr_carea' id='block_1_7' title="bbox 96 2681 1167 3036">
    <p class='ocr_par' dir='ltr' id='par_1_9' title="bbox 96 2681 1167 3036">
     <span class='ocr_line' id='line_1_26' title="bbox 190 2681 1167 2771; baseline 0.004 -21"><span class='ocrx_word' id='word_1_154' title='bbox 190 2681 367 2770; x_wconf 78' lang='lat' dir='ltr'><strong>Damasus,</strong></span> <span class='ocrx_word' id='word_1_155' title='bbox 393 2683 561 2750; x_wconf 83' lang='lat' dir='ltr'><strong>Romanae</strong></span> <span class='ocrx_word' id='word_1_156' title='bbox 588 2684 678 2751; x_wconf 89' lang='lat' dir='ltr'><strong>urbis</strong></span> <span class='ocrx_word' id='word_1_157' title='bbox 706 2686 891 2771; x_wconf 87' lang='lat' dir='ltr'><strong>episcopus,</strong></span> <span class='ocrx_word' id='word_1_158' title='bbox 924 2686 1054 2770; x_wconf 81' lang='lat' dir='ltr'><strong>elegans</strong></span> <span class='ocrx_word' id='word_1_159' title='bbox 1077 2684 1113 2750; x_wconf 91' lang='lat' dir='ltr'><strong>in</strong></span> <span class='ocrx_word' id='word_1_160' title='bbox 1131 2703 1167 2754; x_wconf 76' lang='lat' dir='ltr'><strong>as</strong></span> 
     </span>
     <span class='ocr_line' id='line_1_27' title="bbox 96 2771 1114 2859; baseline 0.002 -23"><span class='ocrx_word' id='word_1_161' title='bbox 96 2771 245 2838; x_wconf 78' lang='lat' dir='ltr'><strong>versibus</strong></span> <span class='ocrx_word' id='word_1_162' title='bbox 277 2771 511 2858; x_wconf 86' lang='lat' dir='ltr'><strong>componendis</strong></span> <span class='ocrx_word' id='word_1_163' title='bbox 541 2773 708 2859; x_wconf 83' lang='lat' dir='ltr'><strong>ingenium</strong></span> <span class='ocrx_word' id='word_1_164' title='bbox 738 2773 855 2840; x_wconf 88' lang='lat' dir='ltr'><strong>habuit</strong></span> <span class='ocrx_word' id='word_1_165' title='bbox 882 2773 1047 2858; x_wconf 85' lang='lat' dir='ltr'><strong>multaque</strong></span> <span class='ocrx_word' id='word_1_166' title='bbox 1080 2776 1114 2838; x_wconf 87' lang='lat' dir='ltr'><strong>et</strong></span> 
     </span>
     <span class='ocr_line' id='line_1_28' title="bbox 96 2859 1111 2947; baseline 0.002 -21"><span class='ocrx_word' id='word_1_167' title='bbox 96 2859 209 2926; x_wconf 81' lang='lat' dir='ltr'><strong>brevia</strong></span> <span class='ocrx_word' id='word_1_168' title='bbox 232 2861 387 2947; x_wconf 86' lang='lat' dir='ltr'><strong>opuscula</strong></span> <span class='ocrx_word' id='word_1_169' title='bbox 413 2861 544 2928; x_wconf 87' lang='lat' dir='ltr'><strong>heroico</strong></span> <span class='ocrx_word' id='word_1_170' title='bbox 572 2866 677 2928; x_wconf 83' lang='lat' dir='ltr'><strong>metro</strong></span> <span class='ocrx_word' id='word_1_171' title='bbox 710 2861 811 2927; x_wconf 84' lang='lat' dir='ltr'><strong>edidit</strong></span> <span class='ocrx_word' id='word_1_172' title='bbox 838 2864 872 2926; x_wconf 83' lang='lat' dir='ltr'><strong>st</strong></span> <span class='ocrx_word' id='word_1_173' title='bbox 899 2882 1001 2947; x_wconf 88' lang='lat' dir='ltr'><strong>propo</strong></span> <span class='ocrx_word' id='word_1_174' title='bbox 1024 2864 1111 2928; x_wconf 87' lang='lat' dir='ltr'><strong>coto·</strong></span> 
     </span>
     <span class='ocr_line' id='line_1_29' title="bbox 97 2949 967 3036; baseline 0.001 -21"><span class='ocrx_word' id='word_1_175' title='bbox 97 2949 252 3035; x_wconf 83' lang='lat' dir='ltr'><strong>genarius</strong></span> <span class='ocrx_word' id='word_1_176' title='bbox 276 2950 336 3016; x_wconf 92' lang='lat' dir='ltr'><strong>sub</strong></span> <span class='ocrx_word' id='word_1_177' title='bbox 359 2949 544 3018; x_wconf 80' lang='lat' dir='ltr'><strong>Theodosio</strong></span> <span class='ocrx_word' id='word_1_178' title='bbox 568 2950 716 3036; x_wconf 85' lang='lat' dir='ltr'><strong>principe</strong></span> <span class='ocrx_word' id='word_1_179' title='bbox 738 2953 886 3016; x_wconf 88' lang='lat' dir='ltr'><strong>mortuus</strong></span> <span class='ocrx_word' id='word_1_180' title='bbox 909 2953 967 3016; x_wconf 81' lang='lat' dir='ltr'><strong>ost</strong></span> 
     </span>
    </p>
   </div>
   <div class='ocr_carea' id='block_1_8' title="bbox 500 3111 710 3208">
    <p class='ocr_par' dir='ltr' id='par_1_10' title="bbox 500 3111 710 3208">
     <span class='ocr_line' id='line_1_30' title="bbox 500 3111 710 3208; baseline 0 -22"><span class='ocrx_word' id='word_1_181' title='bbox 500 3113 582 3208; x_wconf 78' lang='lat' dir='ltr'><strong>Gap.</strong></span> <span class='ocrx_word' id='word_1_182' title='bbox 615 3113 670 3186; x_wconf 83' lang='lat'><strong>01</strong></span> <span class='ocrx_word' id='word_1_183' title='bbox 673 3111 710 3186; x_wconf 89' lang='lat' dir='ltr'><strong>V.</strong></span> 
     </span>
    </p>
   </div>
   <div class='ocr_carea' id='block_1_9' title="bbox 166 3249 1166 3444">
    <p class='ocr_par' dir='ltr' id='par_1_11' title="bbox 166 3249 1166 3444">
     <span class='ocr_line' id='line_1_31' title="bbox 186 3249 1166 3339; baseline -0.001 -22"><span class='ocrx_word' id='word_1_184' title='bbox 186 3249 424 3338; x_wconf 78' lang='lat' dir='ltr'><strong>Apollinarins,</strong></span> <span class='ocrx_word' id='word_1_185' title='bbox 453 3251 652 3319; x_wconf 83' lang='lat' dir='ltr'><strong>Laodicenos</strong></span> <span class='ocrx_word' id='word_1_186' title='bbox 682 3249 796 3338; x_wconf 74' lang='lat' dir='ltr'><strong>Syriae</strong></span> <span class='ocrx_word' id='word_1_187' title='bbox 824 3253 996 3339; x_wconf 85' lang='lat' dir='ltr'><strong>episcopus</strong></span> <span class='ocrx_word' id='word_1_188' title='bbox 1019 3253 1111 3337; x_wconf 87' lang='lat' dir='ltr'><strong>patre</strong></span> <span class='ocrx_word' id='word_1_189' title='bbox 1130 3267 1166 3317; x_wconf 77' lang='grc' dir='ltr'><strong>ιο</strong></span> 
     </span>
     <span class='ocr_line' id='line_1_32' title="bbox 166 3369 889 3444; baseline 0.004 -18"><span class='ocrx_word' id='word_1_190' title='bbox 166 3377 183 3426; x_wconf 80' lang='lat' dir='ltr'><strong>u</strong></span> <span class='ocrx_word' id='word_1_191' title='bbox 204 3369 315 3428; x_wconf 65' lang='lat' dir='ltr'><strong>Bruti</strong></span> <span class='ocrx_word' id='word_1_192' title='bbox 334 3371 459 3428; x_wconf 78' lang='lat' dir='ltr'><strong>Seleucia</strong></span> <span class='ocrx_word' id='word_1_193' title='bbox 533 3378 568 3428; x_wconf 81' lang='lat'><strong>80</strong></span> <span class='ocrx_word' id='word_1_194' title='bbox 586 3371 698 3430; x_wconf 47' lang='lat' dir='ltr'><strong>samba</strong></span> <span class='ocrx_word' id='word_1_195' title='bbox 717 3371 889 3444; x_wconf 76' lang='lat' dir='ltr'><strong>Apollinaris</strong></span> 
     </span>
    </p>
   </div>
   <div class='ocr_carea' id='block_1_10' title="bbox 0 0 1269 3802">
    <p class='ocr_par' dir='ltr' id='par_1_12' title="bbox 0 0 1269 3802">
     <span class='ocr_line' id='line_1_33' title="bbox 0 0 1269 3802; baseline 0 0"><span class='ocrx_word' id='word_1_196' title='bbox 0 0 1269 3802; x_wconf 95' lang='lat' dir='ltr'><strong> </strong></span> 
     </span>
    </p>
   </div>
  </div>
 </body>
</html>
