<?xml version="1.0" encoding="UTF-8"?>
<!DOCTYPE html PUBLIC "-//W3C//DTD XHTML 1.0 Transitional//EN"
    "http://www.w3.org/TR/xhtml1/DTD/xhtml1-transitional.dtd">
<html xmlns="http://www.w3.org/1999/xhtml" xml:lang="en" lang="en">
 <head>
  <title>
</title>
<meta http-equiv="Content-Type" content="text/html;charset=utf-8" />
  <meta name='ocr-system' content='tesseract 3.04.00' />
  <meta name='ocr-capabilities' content='ocr_page ocr_carea ocr_par ocr_line ocrx_word'/>
</head>
<body>
  <div class='ocr_page' id='page_1' title='image "./heironymideviri01jerogoog_0031.png"; bbox 0 0 2512 3794; ppageno 0'>
   <div class='ocr_carea' id='block_1_1' title="bbox 528 117 763 172">
    <p class='ocr_par' dir='ltr' id='par_1_1' title="bbox 528 117 763 172">
     <span class='ocr_line' id='line_1_1' title="bbox 528 117 763 172; baseline -0.004 0"><span class='ocrx_word' id='word_1_1' title='bbox 528 148 561 158; x_wconf 91' lang='lat'><em>-</em></span> <span class='ocrx_word' id='word_1_2' title='bbox 599 117 763 172; x_wconf 81' lang='lat' dir='ltr'><strong>XXVI-</strong></span> 
     </span>
    </p>
   </div>
   <div class='ocr_carea' id='block_1_2' title="bbox 129 276 1153 1671">
    <p class='ocr_par' dir='ltr' id='par_1_2' title="bbox 131 276 732 364">
     <span class='ocr_line' id='line_1_2' title="bbox 131 276 732 364; baseline -0.005 -18"><span class='ocrx_word' id='word_1_3' title='bbox 131 281 191 346; x_wconf 76' lang='lat'><strong>27:</strong></span> <span class='ocrx_word' id='word_1_4' title='bbox 217 279 357 345; x_wconf 82' lang='lat' dir='ltr'><strong>demitti.</strong></span> <span class='ocrx_word' id='word_1_5' title='bbox 379 317 422 326; x_wconf 94' lang='lat'><em>-</em></span> <span class='ocrx_word' id='word_1_6' title='bbox 446 276 513 364; x_wconf 81' lang='lat' dir='ltr'><strong>(V.:</strong></span> <span class='ocrx_word' id='word_1_7' title='bbox 533 276 732 362; x_wconf 75' lang='lat' dir='ltr'><strong>opienente.)</strong></span> 
     </span>
    </p>

    <p class='ocr_par' dir='ltr' id='par_1_3' title="bbox 132 368 346 435">
     <span class='ocr_line' id='line_1_3' title="bbox 132 368 346 435; baseline -0.009 0"><span class='ocrx_word' id='word_1_8' title='bbox 132 370 192 435; x_wconf 91' lang='lat'><strong>28:</strong></span> <span class='ocrx_word' id='word_1_9' title='bbox 216 368 346 434; x_wconf 91' lang='lat' dir='ltr'><strong>iudicio.</strong></span> 
     </span>
    </p>

    <p class='ocr_par' dir='ltr' id='par_1_4' title="bbox 575 452 705 522">
     <span class='ocr_line' id='line_1_4' title="bbox 575 452 705 522; baseline 0 -16"><span class='ocrx_word' id='word_1_10' title='bbox 575 452 642 522; x_wconf 66' lang='lat' dir='ltr'><strong>Pac.</strong></span> <span class='ocrx_word' id='word_1_11' title='bbox 661 456 705 507; x_wconf 74' lang='lat'><strong>34.</strong></span> 
     </span>
    </p>

    <p class='ocr_par' dir='ltr' id='par_1_5' title="bbox 153 540 757 627">
     <span class='ocr_line' id='line_1_5' title="bbox 153 540 757 627; baseline -0.008 -16"><span class='ocrx_word' id='word_1_12' title='bbox 153 547 190 611; x_wconf 89' lang='lat'><strong>2:</strong></span> <span class='ocrx_word' id='word_1_13' title='bbox 214 543 390 610; x_wconf 84' lang='lat' dir='ltr'><strong>Theofilus.</strong></span> <span class='ocrx_word' id='word_1_14' title='bbox 413 580 456 592; x_wconf 85' lang='lat'>-</span> <span class='ocrx_word' id='word_1_15' title='bbox 479 543 664 609; x_wconf 80' lang='lat' dir='ltr'><strong>Palestinae</strong></span> <span class='ocrx_word' id='word_1_16' title='bbox 689 540 757 627; x_wconf 92' lang='lat' dir='ltr'><strong>(V.)</strong></span> 
     </span>
    </p>

    <p class='ocr_par' dir='ltr' id='par_1_6' title="bbox 152 629 782 720">
     <span class='ocr_line' id='line_1_6' title="bbox 152 629 782 720; baseline -0.005 -22"><span class='ocrx_word' id='word_1_17' title='bbox 152 635 190 698; x_wconf 86' lang='lat'><strong>4:</strong></span> <span class='ocrx_word' id='word_1_18' title='bbox 214 632 338 698; x_wconf 89' lang='lat' dir='ltr'><strong><em>XIIII</em></strong></span> <span class='ocrx_word' id='word_1_19' title='bbox 357 631 411 720; x_wconf 88' lang='lat' dir='ltr'><strong>(V.</strong></span> <span class='ocrx_word' id='word_1_20' title='bbox 419 631 469 697; x_wconf 93' lang='lat' dir='ltr'><strong>A.:</strong></span> <span class='ocrx_word' id='word_1_21' title='bbox 493 629 782 717; x_wconf 80' lang='lat' dir='ltr'><strong>quartadecima).</strong></span> 
     </span>
    </p>

    <p class='ocr_par' dir='ltr' id='par_1_7' title="bbox 153 721 403 787">
     <span class='ocr_line' id='line_1_7' title="bbox 153 721 403 787; baseline 0 -1"><span class='ocrx_word' id='word_1_22' title='bbox 153 723 189 787; x_wconf 81' lang='lat'><strong>5:</strong></span> <span class='ocrx_word' id='word_1_23' title='bbox 214 721 403 786; x_wconf 77' lang='lat' dir='ltr'><strong>sinodicam.</strong></span> 
     </span>
    </p>

    <p class='ocr_par' dir='ltr' id='par_1_8' title="bbox 153 805 689 896">
     <span class='ocr_line' id='line_1_8' title="bbox 153 805 689 896; baseline -0.004 -22"><span class='ocrx_word' id='word_1_24' title='bbox 153 811 192 875; x_wconf 89' lang='lat'><strong>9:</strong></span> <span class='ocrx_word' id='word_1_25' title='bbox 216 809 267 874; x_wconf 76' lang='lat' dir='ltr'><strong>‘ct’</strong></span> <span class='ocrx_word' id='word_1_26' title='bbox 290 830 349 877; x_wconf 84' lang='lat' dir='ltr'><strong>om.</strong></span> <span class='ocrx_word' id='word_1_27' title='bbox 373 807 486 895; x_wconf 89' lang='lat' dir='ltr'><strong>(V.A.:</strong></span> <span class='ocrx_word' id='word_1_28' title='bbox 510 806 567 872; x_wconf 76' lang='lat' dir='ltr'><strong>‘ei&#39;</strong></span> <span class='ocrx_word' id='word_1_29' title='bbox 591 805 689 896; x_wconf 91' lang='lat' dir='ltr'><strong>add.).</strong></span> 
     </span>
    </p>

    <p class='ocr_par' dir='ltr' id='par_1_9' title="bbox 133 899 398 980">
     <span class='ocr_line' id='line_1_9' title="bbox 133 899 398 980; baseline -0.008 -16"><span class='ocrx_word' id='word_1_30' title='bbox 133 899 192 964; x_wconf 91' lang='lat'><strong>10:</strong></span> <span class='ocrx_word' id='word_1_31' title='bbox 213 919 398 980; x_wconf 85' lang='lat' dir='ltr'><strong>personam.</strong></span> 
     </span>
    </p>

    <p class='ocr_par' dir='ltr' id='par_1_10' title="bbox 133 984 402 1052">
     <span class='ocr_line' id='line_1_10' title="bbox 133 984 402 1052; baseline -0.008 0"><span class='ocrx_word' id='word_1_32' title='bbox 133 987 190 1052; x_wconf 86' lang='lat'><strong>13:</strong></span> <span class='ocrx_word' id='word_1_33' title='bbox 216 984 402 1050; x_wconf 77' lang='lat' dir='ltr'><strong>Policraies.</strong></span> 
     </span>
    </p>

    <p class='ocr_par' dir='ltr' id='par_1_11' title="bbox 133 1072 838 1156">
     <span class='ocr_line' id='line_1_11' title="bbox 133 1072 838 1156; baseline -0.003 -17"><span class='ocrx_word' id='word_1_34' title='bbox 133 1075 189 1139; x_wconf 84' lang='lat'><strong>15:</strong></span> <span class='ocrx_word' id='word_1_35' title='bbox 213 1072 337 1137; x_wconf 87' lang='lat' dir='ltr'><em>XIIII</em></span> <span class='ocrx_word' id='word_1_36' title='bbox 355 1095 429 1139; x_wconf 87' lang='lat' dir='ltr'><strong>eum</strong></span> <span class='ocrx_word' id='word_1_37' title='bbox 452 1073 585 1139; x_wconf 83' lang='lat' dir='ltr'><strong>Iudaeis</strong></span> <span class='ocrx_word' id='word_1_38' title='bbox 608 1074 686 1138; x_wconf 91' lang='lat' dir='ltr'><strong>luna</strong></span> <span class='ocrx_word' id='word_1_39' title='bbox 708 1072 838 1156; x_wconf 88' lang='lat' dir='ltr'><strong>pascha.</strong></span> 
     </span>
    </p>

    <p class='ocr_par' dir='ltr' id='par_1_12' title="bbox 132 1159 481 1249">
     <span class='ocr_line' id='line_1_12' title="bbox 132 1159 481 1249; baseline -0.003 -20"><span class='ocrx_word' id='word_1_40' title='bbox 132 1164 191 1229; x_wconf 94' lang='lat'><strong>16:</strong></span> <span class='ocrx_word' id='word_1_41' title='bbox 214 1163 379 1228; x_wconf 70' lang='lat' dir='ltr'><strong>adversm</strong></span> <span class='ocrx_word' id='word_1_42' title='bbox 404 1159 481 1249; x_wconf 78' lang='lat' dir='ltr'><strong>(A.)</strong></span> 
     </span>
    </p>

    <p class='ocr_par' dir='ltr' id='par_1_13' title="bbox 131 1224 1153 1514">
     <span class='ocr_line' id='line_1_13' title="bbox 131 1224 1153 1333; baseline -0.002 -16"><span class='ocrx_word' id='word_1_43' title='bbox 131 1251 190 1317; x_wconf 89' lang='lat'><strong>20:</strong></span> <span class='ocrx_word' id='word_1_44' title='bbox 212 1271 308 1332; x_wconf 76' lang='lat' dir='ltr'><strong>neque</strong></span> <span class='ocrx_word' id='word_1_45' title='bbox 329 1253 474 1318; x_wconf 77' lang='lat' dir='ltr'><strong>addentes</strong></span> <span class='ocrx_word' id='word_1_46' title='bbox 495 1251 618 1333; x_wconf 51' lang='lat' dir='ltr'><strong>alequid</strong></span> <span class='ocrx_word' id='word_1_47' title='bbox 637 1271 732 1333; x_wconf 77' lang='lat' dir='ltr'><strong>aeque</strong></span> <span class='ocrx_word' id='word_1_48' title='bbox 755 1224 990 1330; x_wconf 78' lang='lat' dir='ltr'><strong>deminuentes‚</strong></span> <span class='ocrx_word' id='word_1_49' title='bbox 1009 1271 1091 1316; x_wconf 86' lang='lat' dir='ltr'><strong>corr.</strong></span> <span class='ocrx_word' id='word_1_50' title='bbox 1105 1247 1153 1315; x_wconf 77' lang='lat' dir='ltr'><strong>m²</strong></span> 
     </span>
     <span class='ocr_line' id='line_1_14' title="bbox 213 1337 1150 1428; baseline -0.002 -24"><span class='ocrx_word' id='word_1_51' title='bbox 213 1340 263 1404; x_wconf 84' lang='lat' dir='ltr'><strong>vel</strong></span> <span class='ocrx_word' id='word_1_52' title='bbox 285 1338 396 1406; x_wconf 86' lang='lat' dir='ltr'><strong>m².·-</strong></span> <span class='ocrx_word' id='word_1_53' title='bbox 358 1339 480 1428; x_wconf 89' lang='lat' dir='ltr'><strong>·-(A.·</strong></span> <span class='ocrx_word' id='word_1_54' title='bbox 505 1337 811 1424; x_wconf 75' lang='lat' dir='ltr'><strong>deminuentcs).—</strong></span> <span class='ocrx_word' id='word_1_55' title='bbox 839 1339 1081 1419; x_wconf 64' lang='lat' dir='ltr'><strong>{diminuentes}</strong></span> <span class='ocrx_word' id='word_1_56' title='bbox 1107 1375 1150 1386; x_wconf 88' lang='lat'><strong>·—</strong></span> 
     </span>
     <span class='ocr_line' id='line_1_15' title="bbox 212 1425 863 1514; baseline -0.003 -22"><span class='ocrx_word' id='word_1_57' title='bbox 212 1426 280 1512; x_wconf 86' lang='lat' dir='ltr'><strong>(V..</strong></span> <span class='ocrx_word' id='word_1_58' title='bbox 303 1450 363 1495; x_wconf 91' lang='lat' dir='ltr'><strong>nec</strong></span> <span class='ocrx_word' id='word_1_59' title='bbox 386 1430 457 1495; x_wconf 87' lang='lat' dir='ltr'><strong>add.</strong></span> <span class='ocrx_word' id='word_1_60' title='bbox 481 1428 565 1513; x_wconf 88' lang='lat' dir='ltr'><strong>alqd.</strong></span> <span class='ocrx_word' id='word_1_61' title='bbox 591 1449 651 1494; x_wconf 90' lang='lat' dir='ltr'><strong>nco</strong></span> <span class='ocrx_word' id='word_1_62' title='bbox 674 1425 863 1514; x_wconf 80' lang='lat' dir='ltr'><strong>dementes)</strong></span> 
     </span>
    </p>

    <p class='ocr_par' dir='ltr' id='par_1_14' title="bbox 129 1517 395 1583">
     <span class='ocr_line' id='line_1_16' title="bbox 129 1517 395 1583; baseline 0 0"><span class='ocrx_word' id='word_1_63' title='bbox 129 1519 189 1583; x_wconf 88' lang='lat'><strong>21:</strong></span> <span class='ocrx_word' id='word_1_64' title='bbox 213 1517 395 1583; x_wconf 81' lang='lat' dir='ltr'><strong>aelimenta.</strong></span> 
     </span>
    </p>

    <p class='ocr_par' dir='ltr' id='par_1_15' title="bbox 130 1604 370 1671">
     <span class='ocr_line' id='line_1_17' title="bbox 130 1604 370 1671; baseline -0.018 0"><span class='ocrx_word' id='word_1_65' title='bbox 130 1606 190 1671; x_wconf 92' lang='lat'><strong>22:</strong></span> <span class='ocrx_word' id='word_1_66' title='bbox 213 1604 370 1668; x_wconf 91' lang='lat' dir='ltr'><strong>diem.-</strong></span> 
     </span>
    </p>
   </div>
   <div class='ocr_carea' id='block_1_3' title="bbox 130 1665 715 1846">
    <p class='ocr_par' dir='ltr' id='par_1_16' title="bbox 130 1665 715 1846">
     <span class='ocr_line' id='line_1_18' title="bbox 130 1665 715 1776; baseline -0.005 -18"><span class='ocrx_word' id='word_1_67' title='bbox 130 1694 190 1758; x_wconf 86' lang='lat'><strong>23:</strong></span> <span class='ocrx_word' id='word_1_68' title='bbox 215 1665 387 1776; x_wconf 85' lang='lat' dir='ltr'><strong>Philippo,</strong></span> <span class='ocrx_word' id='word_1_69' title='bbox 410 1714 492 1758; x_wconf 88' lang='lat' dir='ltr'><strong>corr.</strong></span> <span class='ocrx_word' id='word_1_70' title='bbox 515 1691 562 1756; x_wconf 86' lang='lat' dir='ltr'><strong>m¹</strong></span> <span class='ocrx_word' id='word_1_71' title='bbox 585 1691 637 1755; x_wconf 85' lang='lat' dir='ltr'><strong>vel</strong></span> <span class='ocrx_word' id='word_1_72' title='bbox 659 1687 715 1756; x_wconf 92' lang='grc' dir='ltr'><strong>ιιι.</strong></span> 
     </span>
     <span class='ocr_line' id='line_1_19' title="bbox 130 1779 299 1846; baseline -0.018 -1"><span class='ocrx_word' id='word_1_73' title='bbox 130 1782 190 1846; x_wconf 87' lang='lat'><strong>24:</strong></span> <span class='ocrx_word' id='word_1_74' title='bbox 213 1779 299 1844; x_wconf 84' lang='lat' dir='ltr'><strong>XII.</strong></span> 
     </span>
    </p>
   </div>
   <div class='ocr_carea' id='block_1_4' title="bbox 130 1866 611 2042">
    <p class='ocr_par' dir='ltr' id='par_1_17' title="bbox 130 1866 611 2042">
     <span class='ocr_line' id='line_1_20' title="bbox 130 1866 594 1955; baseline -0.004 -21"><span class='ocrx_word' id='word_1_75' title='bbox 130 1869 190 1934; x_wconf 91' lang='lat'><strong>28:</strong></span> <span class='ocrx_word' id='word_1_76' title='bbox 214 1867 399 1933; x_wconf 78' lang='lat' dir='ltr'><strong>lammiaooc</strong></span> <span class='ocrx_word' id='word_1_77' title='bbox 423 1867 521 1954; x_wconf 86' lang='lat' dir='ltr'><strong>(V.A.</strong></span> <span class='ocrx_word' id='word_1_78' title='bbox 533 1866 594 1955; x_wconf 88' lang='grc' dir='ltr'><strong>Β..)</strong></span> 
     </span>
     <span class='ocr_line' id='line_1_21' title="bbox 130 1954 611 2042; baseline 0.002 -20"><span class='ocrx_word' id='word_1_79' title='bbox 130 1957 192 2022; x_wconf 89' lang='lat'><strong>29:</strong></span> <span class='ocrx_word' id='word_1_80' title='bbox 214 1954 326 2021; x_wconf 80' lang='lat' dir='ltr'><strong>Efeso.</strong></span> <span class='ocrx_word' id='word_1_81' title='bbox 345 1993 388 2003; x_wconf 95' lang='lat'><strong>—</strong></span> <span class='ocrx_word' id='word_1_82' title='bbox 411 1955 611 2042; x_wconf 77' lang='lat' dir='ltr'><strong>Policarpus</strong></span> 
     </span>
    </p>
   </div>
   <div class='ocr_carea' id='block_1_5' title="bbox 131 2043 610 2217">
    <p class='ocr_par' dir='ltr' id='par_1_18' title="bbox 131 2043 610 2217">
     <span class='ocr_line' id='line_1_22' title="bbox 132 2043 610 2112; baseline 0.002 -2"><span class='ocrx_word' id='word_1_83' title='bbox 132 2045 191 2110; x_wconf 86' lang='lat'><strong>30:</strong></span> <span class='ocrx_word' id='word_1_84' title='bbox 214 2043 368 2111; x_wconf 74' lang='lat' dir='ltr'><strong>Smimae.</strong></span> <span class='ocrx_word' id='word_1_85' title='bbox 397 2083 434 2092; x_wconf 93' lang='lat'>-</span> <span class='ocrx_word' id='word_1_86' title='bbox 462 2045 610 2112; x_wconf 65' lang='lat' dir='ltr'><strong>dieseos.</strong></span> 
     </span>
     <span class='ocr_line' id='line_1_23' title="bbox 131 2131 371 2217; baseline -0.004 -19"><span class='ocrx_word' id='word_1_87' title='bbox 131 2134 190 2198; x_wconf 84' lang='lat'><strong>31:</strong></span> <span class='ocrx_word' id='word_1_88' title='bbox 214 2131 371 2217; x_wconf 71' lang='lat' dir='ltr'><strong>marchyr.</strong></span> 
     </span>
    </p>
   </div>
   <div class='ocr_carea' id='block_1_6' title="bbox 133 2221 1157 3460">
    <p class='ocr_par' dir='ltr' id='par_1_19' title="bbox 576 2221 713 2291">
     <span class='ocr_line' id='line_1_24' title="bbox 576 2221 713 2291; baseline 0.015 -16"><span class='ocrx_word' id='word_1_89' title='bbox 576 2221 649 2291; x_wconf 74' lang='lat' dir='ltr'><strong>Pay.</strong></span> <span class='ocrx_word' id='word_1_90' title='bbox 668 2225 713 2278; x_wconf 82' lang='lat'><strong>35.</strong></span> 
     </span>
    </p>

    <p class='ocr_par' dir='ltr' id='par_1_20' title="bbox 153 2308 725 2397">
     <span class='ocr_line' id='line_1_25' title="bbox 153 2308 725 2397; baseline 0.005 -23"><span class='ocrx_word' id='word_1_91' title='bbox 153 2311 190 2375; x_wconf 91' lang='lat'><strong>2:</strong></span> <span class='ocrx_word' id='word_1_92' title='bbox 214 2308 369 2376; x_wconf 77' lang='lat' dir='ltr'><strong>Laodicia</strong></span> <span class='ocrx_word' id='word_1_93' title='bbox 392 2308 472 2397; x_wconf 77' lang='lat' dir='ltr'><strong>(V).</strong></span> <span class='ocrx_word' id='word_1_94' title='bbox 500 2347 537 2358; x_wconf 94' lang='lat'><em>-</em></span> <span class='ocrx_word' id='word_1_95' title='bbox 564 2317 725 2396; x_wconf 79' lang='lat' dir='ltr'><strong>operatur.</strong></span> 
     </span>
    </p>

    <p class='ocr_par' dir='ltr' id='par_1_21' title="bbox 154 2396 1157 2486">
     <span class='ocr_line' id='line_1_26' title="bbox 154 2396 1157 2486; baseline 0 -22"><span class='ocrx_word' id='word_1_96' title='bbox 154 2400 190 2464; x_wconf 83' lang='lat'><strong>3:</strong></span> <span class='ocrx_word' id='word_1_97' title='bbox 213 2396 374 2464; x_wconf 83' lang='lat' dir='ltr'><strong>Militonis</strong></span> <span class='ocrx_word' id='word_1_98' title='bbox 385 2396 453 2486; x_wconf 88' lang='lat' dir='ltr'><strong>(A.)</strong></span> <span class='ocrx_word' id='word_1_99' title='bbox 468 2435 505 2446; x_wconf 90' lang='lat'><em>—</em></span> <span class='ocrx_word' id='word_1_100' title='bbox 524 2397 793 2486; x_wconf 50' lang='lat' dir='ltr'><strong>(veneficans).</strong></span> <span class='ocrx_word' id='word_1_101' title='bbox 807 2401 892 2464; x_wconf 92' lang='lat' dir='ltr'><strong>—in</strong></span> <span class='ocrx_word' id='word_1_102' title='bbox 903 2399 1157 2484; x_wconf 75' lang='lat' dir='ltr'><strong>sanctospiriin</strong></span> 
     </span>
    </p>

    <p class='ocr_par' dir='ltr' id='par_1_22' title="bbox 154 2486 880 2574">
     <span class='ocr_line' id='line_1_27' title="bbox 154 2486 880 2574; baseline 0.001 -21"><span class='ocrx_word' id='word_1_103' title='bbox 154 2487 191 2553; x_wconf 80' lang='lat'><strong>5:</strong></span> <span class='ocrx_word' id='word_1_104' title='bbox 214 2491 365 2570; x_wconf 77' lang='lat' dir='ltr'><strong>expectat</strong></span> <span class='ocrx_word' id='word_1_105' title='bbox 386 2489 421 2553; x_wconf 92' lang='lat' dir='ltr'><strong>in</strong></span> <span class='ocrx_word' id='word_1_106' title='bbox 444 2488 628 2554; x_wconf 75' lang='lat' dir='ltr'><strong>adveniam.</strong></span> <span class='ocrx_word' id='word_1_107' title='bbox 654 2525 693 2536; x_wconf 97' lang='lat'>—</span> <span class='ocrx_word' id='word_1_108' title='bbox 719 2487 777 2552; x_wconf 90' lang='lat' dir='ltr'><strong>Hii</strong></span> <span class='ocrx_word' id='word_1_109' title='bbox 803 2486 880 2574; x_wconf 82' lang='lat' dir='ltr'><strong>(V.)</strong></span> 
     </span>
    </p>

    <p class='ocr_par' dir='ltr' id='par_1_23' title="bbox 154 2575 343 2642">
     <span class='ocr_line' id='line_1_28' title="bbox 154 2575 343 2642; baseline 0.005 -1"><span class='ocrx_word' id='word_1_110' title='bbox 154 2577 192 2641; x_wconf 84' lang='lat'><strong>6:</strong></span> <span class='ocrx_word' id='word_1_111' title='bbox 215 2575 343 2642; x_wconf 88' lang='lat' dir='ltr'><em>XIIII.</em></span> 
     </span>
    </p>

    <p class='ocr_par' dir='ltr' id='par_1_24' title="bbox 155 2663 359 2730">
     <span class='ocr_line' id='line_1_29' title="bbox 155 2663 359 2730; baseline -0.005 0"><span class='ocrx_word' id='word_1_112' title='bbox 155 2666 191 2730; x_wconf 77' lang='lat'><strong>7:</strong></span> <span class='ocrx_word' id='word_1_113' title='bbox 215 2663 271 2729; x_wconf 77' lang='lat' dir='ltr'><strong>‘ei&#39;</strong></span> <span class='ocrx_word' id='word_1_114' title='bbox 295 2685 359 2729; x_wconf 91' lang='lat' dir='ltr'><strong>om.</strong></span> 
     </span>
    </p>

    <p class='ocr_par' dir='ltr' id='par_1_25' title="bbox 154 2751 402 2820">
     <span class='ocr_line' id='line_1_30' title="bbox 154 2751 402 2820; baseline -0.004 -1"><span class='ocrx_word' id='word_1_115' title='bbox 154 2754 190 2819; x_wconf 84' lang='lat'><strong>9:</strong></span> <span class='ocrx_word' id='word_1_116' title='bbox 213 2751 356 2819; x_wconf 78' lang='lat' dir='ltr'><strong>Policrai</strong></span> <span class='ocrx_word' id='word_1_117' title='bbox 341 2757 402 2820; x_wconf 78' lang='lat' dir='ltr'><strong>i.es</strong></span> 
     </span>
    </p>

    <p class='ocr_par' dir='ltr' id='par_1_26' title="bbox 133 2837 1155 3105">
     <span class='ocr_line' id='line_1_31' title="bbox 133 2837 1154 2950; baseline 0 -44"><span class='ocrx_word' id='word_1_118' title='bbox 133 2843 193 2907; x_wconf 90' lang='lat'><strong>11:</strong></span> <span class='ocrx_word' id='word_1_119' title='bbox 216 2843 367 2924; x_wconf 53' lang='lat' dir='ltr'><strong>Quidem</strong></span> <span class='ocrx_word' id='word_1_120' title='bbox 395 2841 525 2923; x_wconf 67' lang='lat' dir='ltr'><strong>suenoni</strong></span> <span class='ocrx_word' id='word_1_121' title='bbox 549 2844 721 2926; x_wconf 75' lang='lat' dir='ltr'><strong>propinqui</strong></span> <span class='ocrx_word' id='word_1_122' title='bbox 746 2843 807 2907; x_wconf 78' lang='lat' dir='ltr'><strong>mei</strong></span> <span class='ocrx_word' id='word_1_123' title='bbox 840 2843 972 2925; x_wconf 61' lang='lat' dir='ltr'><strong>concepi</strong></span> <span class='ocrx_word' id='word_1_124' title='bbox 1000 2837 1067 2950; x_wconf 85' lang='lat' dir='ltr'><strong>(A.)</strong></span> <span class='ocrx_word' id='word_1_125' title='bbox 1102 2839 1154 2926; x_wconf 84' lang='lat' dir='ltr'><strong>(in</strong></span> 
     </span>
     <span class='ocr_line' id='line_1_32' title="bbox 212 2924 1155 3016; baseline 0 -20"><span class='ocrx_word' id='word_1_126' title='bbox 212 2931 322 2996; x_wconf 76' lang='lat' dir='ltr'><strong>adnot.</strong></span> <span class='ocrx_word' id='word_1_127' title='bbox 299 2931 420 2996; x_wconf 78' lang='grc' dir='ltr'><strong>ιοιιι.</strong></span> <span class='ocrx_word' id='word_1_128' title='bbox 397 2931 655 2997; x_wconf 77' lang='lat' dir='ltr'><strong>iscribendum</strong></span> <span class='ocrx_word' id='word_1_129' title='bbox 683 2935 733 2997; x_wconf 75' lang='lat' dir='ltr'><strong>esi</strong></span> <span class='ocrx_word' id='word_1_130' title='bbox 759 2950 818 3015; x_wconf 87' lang='lat' dir='ltr'><strong>pro</strong></span> <span class='ocrx_word' id='word_1_131' title='bbox 852 2929 925 2996; x_wconf 87' lang='lat' dir='ltr'><strong>hoc</strong></span> <span class='ocrx_word' id='word_1_132' title='bbox 948 2924 1044 2996; x_wconf 89' lang='lat' dir='ltr'><strong>loco&#39;:</strong></span> <span class='ocrx_word' id='word_1_133' title='bbox 1076 2935 1155 3016; x_wconf 80' lang='lat' dir='ltr'><strong>post</strong></span> 
     </span>
     <span class='ocr_line' id='line_1_33' title="bbox 212 3018 547 3105; baseline 0 -21"><span class='ocrx_word' id='word_1_134' title='bbox 212 3018 366 3085; x_wconf 81' lang='lat' dir='ltr'><strong>fuerunt&#39;</strong></span> <span class='ocrx_word' id='word_1_135' title='bbox 391 3019 547 3105; x_wconf 53' lang='lat' dir='ltr'><strong>addend).</strong></span> 
     </span>
    </p>

    <p class='ocr_par' dir='ltr' id='par_1_27' title="bbox 133 3105 591 3195">
     <span class='ocr_line' id='line_1_34' title="bbox 133 3105 591 3195; baseline 0.004 -23"><span class='ocrx_word' id='word_1_136' title='bbox 133 3107 191 3173; x_wconf 87' lang='lat'><strong>12:</strong></span> <span class='ocrx_word' id='word_1_137' title='bbox 215 3129 347 3192; x_wconf 84' lang='lat' dir='ltr'><strong>azymas</strong></span> <span class='ocrx_word' id='word_1_138' title='bbox 371 3105 438 3194; x_wconf 88' lang='lat' dir='ltr'><strong>(A.</strong></span> <span class='ocrx_word' id='word_1_139' title='bbox 462 3107 591 3195; x_wconf 82' lang='lat' dir='ltr'><strong>azima)</strong></span> 
     </span>
    </p>

    <p class='ocr_par' dir='ltr' id='par_1_28' title="bbox 134 3196 1157 3373">
     <span class='ocr_line' id='line_1_35' title="bbox 134 3196 1157 3282; baseline 0.001 -21"><span class='ocrx_word' id='word_1_140' title='bbox 134 3196 191 3262; x_wconf 85' lang='lat'><strong>15:</strong></span> <span class='ocrx_word' id='word_1_141' title='bbox 214 3218 272 3282; x_wconf 87' lang='lat' dir='ltr'><strong>per</strong></span> <span class='ocrx_word' id='word_1_142' title='bbox 286 3197 427 3282; x_wconf 78' lang='lat' dir='ltr'><strong>gratiam</strong></span> <span class='ocrx_word' id='word_1_143' title='bbox 441 3198 547 3264; x_wconf 88' lang='lat' dir='ltr'><strong>omnis</strong></span> <span class='ocrx_word' id='word_1_144' title='bbox 562 3197 740 3282; x_wconf 77' lang='lat' dir='ltr'><strong>scripturae</strong></span> <span class='ocrx_word' id='word_1_145' title='bbox 765 3197 921 3278; x_wconf 78' lang='lat' dir='ltr'><strong>[eraditus</strong></span> <span class='ocrx_word' id='word_1_146' title='bbox 937 3215 997 3276; x_wconf 80' lang='lat' dir='ltr'><strong>per</strong></span> <span class='ocrx_word' id='word_1_147' title='bbox 1015 3199 1157 3278; x_wconf 68' lang='lat' dir='ltr'><strong>qratiam</strong></span> 
     </span>
     <span class='ocr_line' id='line_1_36' title="bbox 214 3281 958 3373; baseline -0.005 -22"><span class='ocrx_word' id='word_1_148' title='bbox 214 3287 299 3352; x_wconf 78' lang='lat' dir='ltr'><strong>cenni</strong></span> <span class='ocrx_word' id='word_1_149' title='bbox 321 3288 489 3373; x_wconf 70' lang='lat' dir='ltr'><strong>coripdara]</strong></span> <span class='ocrx_word' id='word_1_150' title='bbox 514 3285 569 3370; x_wconf 94' lang='lat' dir='ltr'><strong>(V.</strong></span> <span class='ocrx_word' id='word_1_151' title='bbox 579 3286 618 3351; x_wconf 91' lang='lat' dir='ltr'><strong>A.</strong></span> <span class='ocrx_word' id='word_1_152' title='bbox 629 3285 667 3353; x_wconf 94' lang='lat' dir='ltr'><strong>B.</strong></span> <span class='ocrx_word' id='word_1_153' title='bbox 676 3285 732 3351; x_wconf 70' lang='lat' dir='ltr'><strong>Na</strong></span> <span class='ocrx_word' id='word_1_154' title='bbox 755 3281 958 3368; x_wconf 81' lang='lat' dir='ltr'><strong>peragrate).</strong></span> 
     </span>
    </p>

    <p class='ocr_par' dir='ltr' id='par_1_29' title="bbox 135 3369 926 3460">
     <span class='ocr_line' id='line_1_37' title="bbox 135 3369 926 3460; baseline -0.003 -22"><span class='ocrx_word' id='word_1_155' title='bbox 135 3374 193 3440; x_wconf 74' lang='lat'><strong>17:</strong></span> <span class='ocrx_word' id='word_1_156' title='bbox 218 3375 355 3443; x_wconf 83' lang='lat' dir='ltr'><strong>oboedire</strong></span> <span class='ocrx_word' id='word_1_157' title='bbox 377 3381 492 3460; x_wconf 75' lang='lat' dir='ltr'><strong>oportet</strong></span> <span class='ocrx_word' id='word_1_158' title='bbox 512 3375 580 3442; x_wconf 86' lang='lat' dir='ltr'><strong>Deo</strong></span> <span class='ocrx_word' id='word_1_159' title='bbox 602 3375 703 3458; x_wconf 60' lang='lat' dir='ltr'><strong>macta</strong></span> <span class='ocrx_word' id='word_1_160' title='bbox 724 3393 819 3456; x_wconf 76' lang='lat' dir='ltr'><strong>quam</strong></span> <span class='ocrx_word' id='word_1_161' title='bbox 845 3369 926 3457; x_wconf 76' lang='lat' dir='ltr'><strong>(V).</strong></span> 
     </span>
    </p>
   </div>
   <div class='ocr_carea' id='block_1_7' title="bbox 0 0 1260 3794">
    <p class='ocr_par' dir='ltr' id='par_1_30' title="bbox 0 0 1260 3794">
     <span class='ocr_line' id='line_1_38' title="bbox 0 0 1260 3794; baseline 0 0"><span class='ocrx_word' id='word_1_162' title='bbox 0 0 1260 3794; x_wconf 95' lang='lat' dir='ltr'><strong> </strong></span> 
     </span>
    </p>
   </div>
  </div>
 </body>
</html>
