2522 3802
521 137 559 150 -
608 99 651 166 93
696 135 741 148 ..

519 244 601 336 Cup.
629 245 750 317 LXV.

211 381 416 467 Vincentius,
447 382 580 448 natione
612 381 743 468 Gallus,
781 383 867 468 apud
904 384 1145 450 monasterium
1251 395 1252 420 ³

122 471 312 537 lerinensis
334 472 460 537 insulae
482 471 662 556 presbyter,
689 471 739 536 vir
766 471 801 536 in
825 472 992 558 scripturis
1016 473 1143 540 sanctis
1251 515 1252 546 ι

124 561 238 626 doctus
262 564 295 626 et
317 561 436 626 notitia
458 559 749 626 ecclesiasticorum
769 559 959 646 dogmatum
978 560 1144 626 sufficien-

89 667 105 716 o
124 653 175 714 ter
192 650 380 734 instructus,
399 649 581 734 composuit
603 649 645 714 ad
664 648 815 716 evitanda
838 647 1055 716 hereticorum
1074 651 1143 716 col-

123 739 211 825 legia
232 737 337 804 nitido
361 738 442 804 satis
472 741 506 802 et
528 740 641 822 aperto
665 759 813 803 sermone
835 737 1068 804 ualidissimum
1091 739 1143 804 di·
1252 775 1253 790 κ

125 827 360 911 sputationem,
383 849 480 911 quam
504 825 663 892 absconso
696 827 829 892 nomine
860 847 919 892 suo
950 827 1145 913 attitulavit,
1252 833 1253 866 ¹

125 913 304 1000 ‘Peregrini
327 915 481 979 adversus
503 913 686 980 hereticos'.
733 912 831 980 Cuius
855 914 963 1000 operis
992 915 1069 1001 quia
1090 937 1144 981 se·

125 1003 221 1069 cundi
249 1001 325 1066 libri
353 1002 528 1067 maximam
556 1003 591 1068 in
619 1002 779 1068 schedulis
807 1007 935 1088 partem
965 1003 1144 1089 aquibus-

71 1110 105 1159 10
125 1091 199 1156 dam
222 1089 364 1156 hrratam
387 1089 540 1176 perdidit,
562 1092 776 1176 recapitulato
795 1093 864 1156 eius
888 1092 1000 1176 paucis
1020 1114 1145 1159 sermo·

123 1180 220 1246 nibus
248 1201 345 1244 sensu
368 1180 507 1264 pristino
536 1181 700 1266 compegit
723 1184 757 1245 et
774 1180 809 1244 in
831 1201 897 1245 uno
921 1180 1006 1246 libro
1030 1181 1145 1248 edidit

123 1268 263 1336 Moritur
284 1267 468 1336 Theodosio
492 1272 525 1334 et
548 1267 779 1334 Valentiniano
802 1270 1026 1354 regnantibus.

509 1449 591 1540 cap.
619 1449 763 1520 LXVI.

215 1586 370 1673 Syagrius
385 1588 516 1672 scripsit
534 1586 585 1652 ‘da
598 1586 673 1651 fide'
688 1587 858 1652 adversum
871 1590 1147 1672 praesumptuosa

74 1695 107 1744 15
126 1677 341 1743 hereticorum
364 1676 537 1759 vocabula,
560 1697 644 1759 quac
667 1675 708 1740 ad
726 1675 921 1740 destruenda
942 1677 994 1742 vel
1018 1675 1059 1741 ad
1080 1677 1146 1742 im·

126 1764 284 1830 mutanda
307 1767 439 1829 sanctae
458 1763 628 1827 'lhinitetis
652 1764 787 1829 nomina
809 1769 965 1850 usurpata
989 1768 1072 1849 sunt,
1094 1765 1146 1830 di-

125 1851 267 1920 centium
290 1851 421 1916 Patrem
443 1873 511 1918 non
534 1851 649 1917 debere
667 1851 798 1918 Patrem
822 1853 898 1938 dici,
920 1875 963 1919 ne
980 1854 1017 1918 in
1034 1852 1145 1920 Patris

124 1941 256 2008 nomine
284 1937 387 2006 Filius
419 1943 588 2026 consonet,
616 1941 673 2005 sed
700 1941 887 2027 Ingenitum
920 1945 953 2008 et
979 1941 1145 2008 Infectum

125 2053 163 2098 ac
186 2029 376 2096 solitarium
398 2029 664 2115 nuncupandum,
686 2034 737 2115 ut,
761 2031 913 2116 quicquid
935 2034 1027 2096 extra
1049 2031 1145 2097 illum

72 2137 106 2187 20
126 2123 169 2186 sit
195 2141 347 2205 persona,
375 2123 467 2186 extra
493 2119 585 2184 illum
609 2119 653 2184 sit
684 2122 717 2184 et
739 2122 871 2204 natura,
900 2119 1075 2186 ostendens
1109 2125 1146 2186 et

124 2209 256 2274 Patrem
279 2209 335 2294 qui
353 2209 497 2274 eiusdem
521 2211 572 2274 est
588 2213 738 2294 naturae,
756 2229 853 2293 posse
871 2207 935 2274 dici
952 2207 1144 2294 Ingenitum

125 2302 159 2362 et
181 2297 375 2382 scripturam
398 2295 530 2380 dixisse,
558 2318 597 2361 ex
626 2318 660 2361 se
684 2297 836 2383 genuisse
864 2297 900 2361 in
927 2317 1068 2382 persona
1090 2295 1145 2362 Fi-

125 2387 219 2469 lium,
242 2408 309 2452 non
331 2385 460 2470 fecisse,
484 2389 518 2450 et
540 2407 578 2450 ex
602 2407 636 2450 se
658 2385 831 2470 protulisse
854 2385 889 2452 in
911 2406 1052 2471 persona
1072 2383 1144 2469 Spi-

126 2473 224 2540 ritum
243 2477 405 2558 sanctum,
423 2495 490 2540 non
509 2475 659 2559 genuisse
678 2496 782 2559 neque
801 2473 924 2540 fecisse.
961 2472 1028 2540 Sub
1047 2474 1145 2540 huius

72 2579 106 2630 25
127 2559 256 2649 Syagrii
278 2562 411 2628 nominc
435 2569 560 2646 septem
583 2562 635 2628 ‘de
657 2563 720 2628 fide
744 2567 777 2628 et
793 2563 915 2648 regulis
933 2561 1018 2628 fidei’
1041 2563 1145 2629 libros

125 2651 351 2736 praetitulatos
384 2651 492 2716 inveni
524 2651 582 2717 sed
613 2653 691 2736 quia
724 2651 838 2738 lingua
868 2653 1044 2738 variantur,
1076 2674 1146 2718 non

127 2762 239 2806 omnes
263 2741 332 2806 aius
355 2740 476 2808 credidi
499 2761 578 2806 esse.

500 2905 582 2996 cap.
609 2901 777 2977 arura

216 3041 323 3128 Isaac,
350 3044 522 3128 presbyter
548 3041 774 3108 Antiochense
806 3042 974 3127 ecclesiae,
1014 3042 1149 3125 scripsit

74 3149 109 3200 eo
128 3131 211 3220 Syro
234 3152 382 3199 sermone
405 3131 506 3214 longo
529 3133 675 3213 tempore
704 3135 737 3196 et
760 3130 878 3216 multa,
899 3131 1073 3215 praecipua
1096 3135 1147 3196 ta·

202 3297 235 3348 10
257 3288 369 3348 Bamb.:
391 3282 589 3354 recapitulatio
615 3321 621 3334 .
643 3321 675 3336 ..
700 3301 813 3338 sensum
834 3285 926 3353 primo
1036 3291 1071 3340 26
1095 3287 1145 3342 sla

129 3363 257 3435 linguam
276 3359 387 3420 variant
458 3358 492 3408 30
510 3349 605 3406 Rern:
623 3351 775 3420 praecipue
793 3355 890 3408 tamen
909 3355 1028 3410 obscura
