2522 3802
555 101 781 166 ...38-

159 241 215 326 qni
242 243 337 308 tenta
364 241 518 308 adversus
546 262 621 308 eum
649 240 865 344 debacchatus
893 241 1023 308 insania
1051 248 1116 328 est,
1150 248 1191 309 nt

157 351 217 415 per
234 333 340 396 totum
359 331 471 396 orbem
491 350 588 414 super
600 330 732 400 nomine
750 329 819 396 eius
838 329 1003 396 scriberet
1040 329 1189 398 Constat

158 440 242 501 eum,
260 422 436 522 antequam
454 417 647 486 Caesaream
665 418 833 520 migraret,
854 418 955 484 fnisse
972 417 1101 486 Romae
1119 420 1189 486 snb

158 503 338 591 zepherino
367 508 532 592 episcopo,
560 508 593 570 et
620 506 733 572 statim
755 506 985 572 Alexandriam
1012 528 1187 574 reversum

123 611 139 659 ι
157 593 331 662 Heraclam
349 596 583 682 presbyterum,
603 595 711 680 quiin
729 593 846 660 habitu
864 594 1055 680 philosophi
1071 618 1186 681 perae·

158 685 302 770 vetabat,
320 685 500 752 adiutorem
521 683 584 750 sibi
602 681 719 750 facisse
732 681 957 767 καιηχήσειιι,
977 684 1186 770 quiquidem

158 776 299 858 etpost
329 772 529 838 Demetrium
563 770 820 837 Alexandrinam
857 772 965 838 tenuit
1001 773 1185 840 ecelesiam.

159 860 306 937 Quantae
329 864 439 926 autem
461 859 586 945 gloriae
610 859 716 944 fuerit
738 859 978 946 hincapparet,
1000 861 1088 944 qnod
1111 860 1187 928 Pir-

157 949 337 1031 millianns,
360 946 539 1014 Caesareae
561 949 743 1033 episcopus,
765 969 837 1014 oum
862 971 952 1014 omm
943 945 1197 1052 O'appadooia·

108 1054 140 1102 10
159 1057 233 1102 eum
265 1037 331 1102 invi
333 1037 418 1102 tavit
449 1041 482 1102 et
505 1036 561 1102 din
589 1038 696 1102 tenuit
718 1040 752 1102 et
778 1039 893 1121 postea
919 1037 980 1103 sub
1008 1039 1184 1106 occasione

159 1127 346 1192 sanctorum
364 1125 510 1191 locorum
528 1124 748 1191 Palaestinam
769 1125 903 1192 veniens
926 1126 982 1190 din
1001 1123 1184 1192 Caesareae

158 1214 200 1279 ab
228 1215 326 1280 eoin
353 1215 473 1280 sanctis
502 1214 671 1299 seripturis
697 1213 842 1280 eruditus
870 1218 933 1299 est;
962 1214 1019 1282 sed
1042 1219 1077 1280 et
1098 1215 1182 1280 illud

159 1303 244 1388 quod
277 1303 318 1370 ad
341 1302 572 1388 Mammaeam,
594 1307 731 1368 matrem
755 1265 933 1367 Alexandri
964 1302 1184 1388 imperatoris,

158 1391 346 1479 religiosam
360 1392 516 1458 feminam
529 1399 662 1478 rogatus
676 1389 766 1458 venit
778 1389 989 1456 Antiochiam
1004 1395 1038 1456 et
1052 1413 1183 1458 summo

107 1495 140 1545 15
159 1481 283 1547 honore
319 1481 412 1547 habit
398 1485 450 1546 tus
488 1485 539 1546 est
524 1483 608 1546 tet
644 1479 685 1545 ad
716 1478 905 1564 Philippum
941 1479 1183 1564 imperatorem,

160 1570 215 1654 qui
258 1570 382 1654 primus
419 1568 459 1633 de
495 1568 627 1653 regibus
663 1566 821 1633 Romanis
862 1565 1068 1634 Christianus
1110 1568 1184 1654 ruit,

160 1661 193 1722 et
224 1656 265 1722 ad
297 1662 436 1724 matrem
468 1656 535 1722 eius
568 1656 695 1722 litteras
727 1655 805 1722 fecit
837 1677 918 1740 quae
950 1678 1053 1740 usque
1084 1655 1184 1723 hodie

160 1748 298 1810 exstant.

249 1829 327 1908 Quis
359 1836 468 1898 autem
500 1832 646 1917 ignorat,
684 1831 771 1916 quod
802 1835 930 1898 tantum
961 1833 1114 1900 habuerit
1146 1834 1183 1898 in

106 1938 141 1987 ao
161 1920 328 2005 scripturis
352 1921 473 1986 sanctie
496 1919 621 2004 etudii,-
639 1923 678 1986 ιιι
704 1920 805 1986 etiam
832 1921 1007 1988 hebraeam
1035 1921 1183 2006 linguam

160 2013 273 2076 contra
307 2009 425 2076 aetatis
457 2009 633 2112 gentisque
665 2030 743 2074 suae
776 2013 929 2076 naturam
961 2009 1118 2075 edisceret
1150 2015 1183 2076 et

160 2098 302 2184 exceptis
317 2098 525 2183 septuaginta
538 2099 698 2183 interpret
683 2097 771 2164 tibus
786 2097 868 2164 alios
884 2119 1012 2183 quoque
1023 2098 1181 2166 ιιιιιιοιιιι

158 2185 1180 2384 ξιιιιιιῗιὶιιὲιῖοιιἭιιιιιοὲιίιιιιιιι

106 2379 141 2428 ae
159 2364 257 2430 matis
257 2363 383 2448 ‚quiin
396 2363 601 2450 evangelium
611 2385 738 2450 quoque
751 2358 835 2428 md
849 2367 1035 2430 Μιτιαϊον
1050 2365 1181 2449 scripsit

145 2413 424 2538 commentarios,
462 2452 501 2518 de
533 2473 597 2538 quo
635 2456 669 2516 et
705 2472 800 2516 suum
839 2451 960 2536 dogma
992 2451 1184 2520 confirmare

160 2543 304 2607 conatur.
355 2539 528 2606 Praeterea
555 2541 703 2624 quintam
732 2544 765 2602 et
792 2545 920 2604 sertam
948 2543 983 2606 et
1010 2533 1182 2626 septimani

160 2629 345 2733 editionem,
362 2649 442 2716 quas
462 2629 561 2696 etiam
579 2650 641 2695 nos
656 2627 743 2692 de
715 2648 784 2692 erus
798 2627 998 2696 bibliotheca
1015 2628 1182 2716 hebemus,

163 2720 245 2786 miro
272 2719 385 2786 labore
412 2718 557 2802 repperit
579 2721 612 2782 et
635 2737 709 2783 oum
732 2718 847 2782 ceteris
869 2716 1074 2785 editionibus
1098 2741 1181 2786 eom·

108 2825 144 2874 3⁰
161 2809 298 2963 Ρωιιι
332 2898 409 2984 qnia
440 2895 580 2962 indicem
613 2915 748 2979 operum
780 2894 850 2962 eius
886 2895 921 2960 in
964 2895 1181 2962 voluminibus

162 2985 375 3069 epistularum
401 3007 481 3070 quas
510 2983 550 3050 ad
577 2982 713 3050 Paulam
746 2983 950 3070 scripsimus,
981 2985 1017 3048 in
1045 2985 1181 3088 quadam

162 3074 302 3158 epistula
324 3077 438 3139 eontra
456 3073 616 3140 Varronis
639 3071 811 3139 conferens
829 3073 933 3158 posui,
956 3093 1043 3138 nnnc
1066 3073 1180 3140 omitto

235 3237 269 3286 ιι
287 3225 341 3286 hoe
360 3229 422 3284 loco
436 3228 629 3283 anacoluthon
647 3227 692 3281 est
752 3233 784 3281 19
803 3225 901 3282 Bamb.
917 3227 947 3279 et
960 3227 1104 3283 ιιοιιιιιιι·
1097 3231 1181 3300 ·qnir

215 3305 277 3360 orat
293 3304 323 3358 et
406 3303 441 3354 ιι
459 3297 538 3354 Vat..
557 3299 623 3352 cata
639 3295 819 3350 Matthaeum
890 3300 923 3348 ιι
944 3295 1017 3365 Vat,
1035 3297 1136 3357 Bamb
1153 3305 1182 3357 et

165 3304 306 3432 {gerim
299 3369 417 3444 ·operis
489 3374 523 3424 33
542 3367 642 3422 Bamb.
662 3367 692 3420 et
709 3365 850 3420 Norlmb..
869 3339 1017 3422 Varronis
1022 3383 1109 3436 opera
