2512 3794
527 123 723 186 ..7-

106 261 355 330 circumcisione
369 260 580 346 crediderant,
595 263 630 326 in
643 260 759 345 Ponto,
769 261 907 342 Galatia,
917 263 1130 350 Cappadocia,

108 353 191 418 Asia
219 356 254 416 et
275 350 438 434 Bithynia,
461 348 602 416 secundo
627 348 741 415 Claudi
765 371 850 416 anno
880 353 920 416 sd
943 373 1129 438 expugnen-

108 442 188 506 dum
216 439 383 505 Simonem
410 459 544 524 magum
571 438 709 504 Romam
740 440 847 524 pergit
873 441 982 525 ibique
1010 442 1128 526 viginti

109 530 254 614 quinque
284 529 378 592 annis
412 528 599 592 cathedram
628 527 863 593 sacerdotalem
892 531 998 594 tenuit
1024 551 1126 615 usque

109 619 151 683 ad
170 617 323 682 ultimum
336 615 479 682 Neronis
497 637 630 698 annum,
648 615 681 680 id
705 621 770 700 est,
790 620 939 702 quartum
957 617 1126 684 decimum.
1163 632 1180 681 5

200 707 232 770 A
260 727 323 790 quo
352 709 385 768 ot
412 704 535 769 adfixus
568 705 655 770 cruci
687 705 844 789 martyrio
877 709 1050 771 coronatus
1079 711 1129 772 est

109 796 222 878 capite
245 793 286 859 ad
309 797 431 858 terram
453 815 547 858 verso
572 796 605 858 et
622 793 657 856 in
676 793 814 859 sublime
832 793 968 877 pedibus
992 795 1127 860 elevatis

110 904 261 948 asserens
284 904 318 948 se
341 880 512 966 indignum
537 881 593 966 qui
616 881 662 946 sic
685 883 934 968 crucifigeretur,
956 888 994 949 ut
1016 883 1128 948 Domi·

109 995 171 1037 nus
196 993 284 1036 suus.
321 968 460 1054 Scripsit
478 971 558 1035 duas
580 970 752 1054 epistulas,
770 993 853 1056 quse
872 971 1050 1038 catholicae
1069 994 1126 1038 no-

109 1062 290 1144 minantur3
318 1079 455 1144 quarum
483 1059 624 1124 secunda
654 1081 673 1123 a
700 1060 861 1145 plerisque
889 1061 958 1126 eius
986 1065 1126 1146 negatur
1146 1075 1181 1124 ιο

108 1153 244 1234 propter
272 1147 354 1214 stili'
368 1167 441 1213 cum
468 1148 576 1230 priore
599 1147 843 1214 dissonantiam.
889 1148 952 1216 Sed
976 1154 1009 1215 et
1031 1172 1127 1215 evan·

108 1237 232 1323 getium
250 1237 341 1302 iuxta
353 1235 509 1319 Marcum,
527 1237 583 1320 qui
602 1235 731 1301 auditor
748 1237 816 1302 eius
835 1241 869 1302 et
882 1239 1041 1322 interpres
1055 1238 1127 1322 fuit,

109 1325 207 1392 huius
235 1325 361 1390 dicitur.
411 1323 501 1389 Libri
529 1328 652 1408 autem,
680 1345 698 1388 e
726 1326 842 1409 quibus
871 1347 954 1390 unus
979 1329 1125 1391 actorum

108 1415 180 1479 eius
203 1413 403 1496 inscribitur,
426 1413 508 1478 alius
532 1413 706 1498 evangelii,
728 1414 844 1478 tertius
867 1414 1125 1499 praedicationis,

109 1505 245 1588 quartos
264 1496 513 1586 ἀποκαλύψεως,
531 1503 665 1588 quintus
688 1499 798 1568 iudicii
816 1501 902 1566 inter
921 1503 1126 1587 apocryphas
1147 1515 1181 1564 15

109 1591 288 1674 scripturas
316 1591 535 1674 repudiantur.
581 1588 733 1675 Sepultus
757 1588 878 1656 Romae
907 1591 942 1656 in
966 1590 1127 1656 Vaticano

108 1679 202 1744 iuxta
228 1680 315 1744 viam
342 1677 571 1764 triumphalem
599 1679 702 1744 totius
731 1678 819 1744 orbis
842 1681 1050 1746 veneratione
1080 1702 1128 1746 ce·

108 1768 265 1833 lebratur.

538 1861 620 1951 Cap.
650 1861 704 1931 ΙΙ.

200 1994 338 2078 Iacobus
357 1997 412 2082 qui
431 1997 614 2083 appellatur
633 1997 736 2064 frater
749 1997 891 2083 Domini,
911 2003 1127 2084 cognomento
1146 2011 1181 2060 20

109 2087 237 2170 Iustus,
258 2090 297 2151 ut
317 2087 466 2152 nonnulli
485 2087 684 2172 existimant,
708 2087 792 2151 filius
812 2087 944 2171 Ioseph,
962 2091 1000 2151 ut
1018 2092 1127 2152 autem

109 2175 194 2242 mihi
225 2175 360 2259 videtur,
391 2174 529 2260 Mariae,
562 2176 682 2241 sororis
715 2175 828 2239 matris
856 2173 1003 2258 Domini,
1036 2176 1126 2240 cuius

109 2263 272 2330 Iohannes
295 2264 330 2328 in
353 2263 437 2330 libro
461 2285 520 2330 suo
539 2263 699 2342 meminit,
722 2263 820 2348 filius,
842 2267 918 2347 post
940 2263 1126 2348 passionem

109 2351 245 2419 Domini
263 2351 375 2417 statim
395 2353 436 2417 ab
455 2353 612 2436 apostolis
632 2351 936 2438 Hierosolymorum
954 2354 1125 2438 opiscopus

109 2440 293 2524 ordinatus,
320 2463 419 2544 unam
447 2445 576 2507 tantum
604 2441 734 2543 scripsit
761 2441 947 2544 epistulam,
975 2464 1057 2528 quae
1086 2442 1125 2508 dc
1145 2454 1179 2501 st

108 2529 695 2703 {ztttmttltttttstlta}
708 2552 794 2684 tlt
802 2531 961 2702 diiii
979 2532 1125 2703 ttttt

109 2707 303 2794 procedente
327 2707 505 2772 obtinuerit
529 2708 765 2773 auctoritatem.

199 2794 405 2882 Hegesippus
433 2796 557 2860 vicinus
590 2795 844 2882 apostolicorum
876 2799 1059 2879 temporum
1092 2795 1126 2861 in

134 2886 226 2950 uinto
250 2885 555 2950 commentariorum
583 2885 666 2950 libro
694 2884 734 2948 de
756 2883 876 2948 Iacobo
899 2905 1038 2948 narrans
1062 2885 1124 2951 ait:
1144 2895 1179 2945 30

109 2909 275 3058 ilSuscepit
293 2973 461 3038 ecclesiam
476 2972 724 3059 Hierosolymse
742 2976 818 3056 post
837 2972 1004 3058 apostolos
1023 2973 1126 3040 frater

183 3100 217 3148 1o
235 3093 286 3148 al:
305 3110 366 3150 csse
385 3095 454 3151 eius.
487 3095 521 3153 cl.
541 3095 651 3166 cap.V:
669 3111 727 3149 non
746 3093 805 3148 eius
824 3094 949 3150 creditur
995 3101 1026 3150 11
1046 3095 1127 3150 Vct:

109 3165 285 3220 dissonantia
341 3171 374 3219 13
388 3165 528 3222 Norimb.=
542 3165 681 3222 itinerarii
736 3171 769 3219 16
784 3163 895 3221 Bamb.=
916 3169 1083 3236 reputantur

110 3242 143 3290 21
164 3233 240 3290 lilius
258 3235 338 3291 deest
356 3235 386 3290 in
400 3233 496 3293 Bamb.
517 3241 547 3292 et
560 3237 654 3303 Bern,
674 3237 723 3307 qni
736 3237 843 3293 habent
861 3241 927 3308 post
944 3251 1041 3291 uxore:
1061 3251 1126 3290 eum

108 3305 238 3376 genuisse
297 3312 331 3362 26
351 3306 416 3361 Vat.
436 3310 466 3362 et
482 3308 622 3364 Norimb.:
643 3307 785 3364 canonicis
847 3315 881 3363 ³1
901 3307 1000 3362 Bamb.
1020 3308 1049 3360 et
1067 3306 1127 3361 No-

109 3378 204 3433 rint:
223 3377 484 3447 Hierosolymorum
