2512 3794
575 121 789 181 -14.-

574 281 655 371 Cep.
683 279 791 352 VIII.

260 417 404 502 Marem,
427 417 605 501 discipulus
633 421 667 481 et
688 417 849 500 interpres
870 416 961 482 Petri
984 419 1083 502 juxta
1106 421 1194 504 quod

171 506 304 572 Petrum
318 506 513 574 referentem
536 505 691 590 audierat,
709 509 845 590 regatus
859 504 982 572 Romae
1000 529 1021 570 a
1034 506 1194 576 fratribus

171 595 268 660 breve
291 596 421 680 scripsit
438 594 652 678 evangelium.
693 591 786 669 Quod
810 615 884 660 eum
903 594 1019 660 Petrus
1038 595 1195 682 audisset,

117 690 134 738 5
170 685 325 769 probavit
351 689 385 750 et
411 682 554 750 ecclesiis
577 682 750 766 legendum
773 704 834 748 sua
860 683 1053 750 auctoritate
1082 687 1193 771 edidit,

172 774 257 841 siout
279 774 423 840 scribunt
442 770 590 838 Clemens
612 772 648 836 in
671 775 762 838 sexto
781 765 1029 838 ὖποτυπώσεων
1047 774 1136 842 libro
1160 781 1193 842 et

170 861 290 946 Papias
309 860 573 945 Hierapolitanus
593 861 773 944 episeopus.
804 859 955 928 Meminit
971 861 1068 928 huius
1086 863 1192 930 Marci

171 954 204 1014 et
229 949 345 1016 Petrus
376 951 411 1016 in
442 949 548 1033 prima
580 949 720 1033 epistula
751 948 812 1014 sub
843 951 976 1016 nomine
1007 949 1191 1036 Babylonis

170 1037 351 1122 figuraliter
381 1037 520 1103 Romam
549 1037 753 1122 significans:
787 1036 925 1104 ‘salutat
957 1059 1016 1104 vcs
1053 1035 1192 1107 ecclesia

119 1133 152 1182 10
171 1147 254 1211 quae
273 1130 324 1192 est
345 1127 381 1191 in
399 1124 570 1211 Babylone
591 1126 733 1192 cotleeta
753 1129 787 1192 et
804 1125 945 1210 Marcus,
967 1127 1053 1192 filius
1077 1130 1191 1196 mens’.

169 1217 349 1300 Assumpto
360 1215 471 1300 itaque
481 1215 653 1301 evangelio
665 1214 751 1300 quod
765 1215 835 1300 ipse
850 1215 1033 1282 confecerat
1046 1220 1192 1300 perrexit

170 1304 358 1391 Aegyptum
372 1307 406 1370 et
418 1305 560 1388 primum
575 1303 789 1370 Alexandriae
804 1301 970 1370 Christum
987 1305 1190 1374 adnuncians

170 1393 342 1460 constituit
360 1393 531 1460 ecclesiam
548 1395 642 1458 tanta
661 1393 809 1458 doctrina
826 1395 860 1458 et
872 1393 959 1458 vitae
977 1394 1192 1480 continentia,

169 1492 207 1547 ut
224 1503 336 1548 omnes
360 1485 538 1548 sectatores
557 1479 680 1547 Christi
703 1481 745 1546 ad
768 1481 951 1565 exemplum
975 1483 1025 1546 sui
1048 1489 1192 1570 cogeret.

118 1572 151 1621 15
170 1569 316 1654 Denique
324 1570 454 1654 Philon,
468 1569 699 1636 disertissimus
710 1568 914 1654 ludaeorum,
923 1569 1037 1636 videns
1047 1572 1191 1640 Alexan·

169 1660 257 1724 driae
283 1659 423 1743 primam
451 1657 619 1724 ecclesiam
647 1657 751 1724 adhuc
778 1658 995 1724 iudaizantem
1028 1663 1126 1743 quasi
1156 1663 1192 1728 in

169 1747 298 1814 laudem
335 1747 443 1832 gentis
476 1767 552 1810 suae
589 1749 622 1810 et
658 1765 755 1830 super
791 1767 903 1812 eorum
939 1751 1192 1816 conversatione

170 1836 313 1920 scripsit,
340 1838 374 1902 et
397 1834 557 1916 quomodo
581 1833 687 1900 Lucas
710 1838 823 1900 narrat
844 1833 1094 1920 Hierosolymae
1124 1859 1192 1905 cre·

170 1925 283 1990 dentes
307 1924 416 1992 omnia
436 1923 590 1988 habuisse
613 1924 806 2007 communia,
830 1923 876 1990 sic
897 1925 953 1990 ille
971 1923 1193 1993 Alexandriae

116 2016 151 2064 2⁰
169 2015 229 2079 sub
244 2012 355 2079 Marco
375 2013 506 2078 doctore
524 2011 594 2076 fieri
617 2013 770 2076 cernebat
786 2013 1024 2097 memoriaeque
1043 2015 1192 2082 tradidit.

168 2101 317 2168 Mortuus
345 2104 396 2167 est
423 2103 532 2166 autem
563 2104 677 2166 octavo
701 2098 843 2168 Neronis
866 2123 952 2167 anno
981 2105 1014 2167 et
1041 2105 1192 2189 sepultus

169 2189 392 2256 Alexandriae.

591 2282 674 2373 Cap.
693 2282 765 2354 IX.

257 2419 422 2486 Iohannes
441 2420 617 2506 apostolus,
642 2441 738 2504 quem
752 2419 843 2486 Iesus
863 2421 984 2486 amavit
1000 2421 1190 2510 plurimum,

115 2509 255 2575 2⁵fi1ius
274 2507 431 2574 Zebedaei
450 2513 484 2574 et
501 2507 602 2573 irater
619 2509 730 2574 Iacobi
749 2507 899 2592 apostoli,
922 2529 1019 2594 quem
1039 2509 1188 2579 Herodes

167 2602 244 2684 post
266 2597 452 2683 passionem
476 2596 610 2663 Domini
636 2597 817 2680 decollavit,
839 2597 1016 2664 novissime
1039 2602 1188 2667 omnium

169 2688 299 2772 scripsit
326 2685 544 2770 evangelium,
573 2689 709 2770 rogatus
738 2684 779 2750 ab
805 2685 902 2750 Asiae
931 2687 1105 2774 episcopis,
1134 2691 1188 2755 ad·

168 2799 280 2843 versus
303 2773 494 2841 Cerintbum
517 2774 662 2859 aliosque
684 2774 867 2840 haereticos
890 2777 924 2839 et
946 2775 1085 2841 maxime
1108 2780 1188 2846 tune

167 2865 397 2932 Ebionitarum
416 2862 535 2950 dogma
553 2883 763 2950 consurgens,
781 2863 836 2948 qui
854 2867 1004 2929 asserunt
1018 2863 1187 2932 Christum

115 2957 150 3006 ³⁰
169 2957 245 3020 ante
269 2953 407 3019 Mariam
434 2973 503 3018 non
526 2951 636 3018 fuisse.
682 2951 775 3019 Unde
803 2951 902 3018 etiam
925 2953 1112 3037 compulsus
1136 2959 1187 3020 est

239 3099 257 3148 4
279 3093 357 3150 Vat:
377 3093 575 3162 quodcumque
673 3092 806 3149 thamb.
826 3095 856 3148 et
873 3090 1013 3146 Norimb.=
1032 3092 1114 3162 epist
1135 3109 1187 3150 ena

168 3171 184 3220 9
200 3164 235 3222 cf.
251 3165 359 3223 1.Petr.
375 3171 399 3232 1,
409 3169 435 3232 b,
448 3171 479 3219 la
532 3169 566 3217 10
581 3163 631 3217 al.=
645 3163 777 3230 collecta;
792 3162 871 3216 Vnt:
887 3163 1042 3217 cnmslecta
1086 3168 1120 3218 18
1135 3165 1184 3218 ab:

171 3237 222 3293 ‘et'
242 3253 299 3292 non
321 3235 428 3291 habent
499 3239 533 3288 19
551 3233 601 3288 al.:
625 3233 666 3287 sio
684 3236 713 3288 et
729 3233 779 3287 ille
798 3232 874 3301 quod
893 3271 899 3283 .
915 3271 943 3285 ..
964 3233 1110 3302 cernebat,
1128 3251 1184 3290 me·

169 3305 276 3365 moriae
301 3307 421 3364 tradidit
517 3309 551 3358 22
580 3303 616 3358 al.
645 3302 766 3358 addunt:
795 3300 962 3357 succedente
990 3301 1045 3356 eibi
1072 3303 1184 3361 Aniene

169 3381 289 3450 (Anano)
360 3385 395 3436 26
415 3379 464 3434 ab:
482 3373 649 3434 revisamus
