2512 3794
513 87 692 142 ..w-

95 252 159 338 ipsi
189 273 317 338 quoque
344 251 426 316 mihi
453 250 516 316 hac
547 250 582 314 in
609 271 645 315 re
678 253 811 334 experta
841 249 940 317 tuerit
965 274 1004 318 ac
1031 275 1115 320 sum-

92 362 225 426 mopere
251 343 438 425 perspecta,
470 359 578 403 meum
605 358 676 403 esse
704 341 783 423 puto
812 341 937 426 gratias
960 341 991 406 ei
1018 363 1115 427 quam

93 429 253 494 maximas
285 427 383 493 etiam
413 429 511 510 atque
541 426 642 491 etiam
677 447 789 512 agere,
820 449 901 513 quas
933 432 971 494 ut
1002 429 1116 515 aliqua

96 517 226 602 quidem
249 538 289 581 ex
305 519 399 600 parte
421 515 541 580 referre
560 515 590 579 ei
612 515 738 599 possim
756 515 967 582 vehementer
984 523 1113 603 exopto.

182 601 292 670 Oodex
314 607 424 669 autem
447 603 502 668 ille
525 624 599 668 cum
622 604 741 668 summi
764 606 922 670 momenti
944 606 1113 689 ponderis·
1220 619 1221 650 ¹

96 715 159 779 que
183 691 402 758 aestimandus
426 691 483 775 sit,
505 690 577 756 fieri
599 712 667 757 uon
690 692 811 776 potuit,
838 693 918 780 quin
939 694 1016 760 inde
1040 716 1115 760 con·
1219 662 1222 750 l

95 781 201 847 textui
223 780 396 846 verborum
424 802 445 845 a
470 801 523 844 me
551 779 730 845 constituto
757 780 844 846 haud
866 803 989 866 paucae
1011 787 1116 849 muta·
1222 764 1223 846 l

94 870 203 936 tiones
225 889 459 953 nonnunquam
482 867 524 932 ad
550 866 634 934 nihil
662 869 864 953 pertinentes
886 870 951 936 nisi
974 871 1016 936 ad
1039 872 1115 937 sori·
1223 864 1224 940 l

93 957 193 1024 bendi
206 958 368 1023 rationem
382 957 614 1042 ingererentur.
647 953 755 1032 Quare
773 979 829 1022 eas
843 957 1009 1042 lectiones,
1033 982 1114 1046 quae
1224 964 1225 1008 l

93 1069 132 1111 ex
155 1045 334 1112 Parisiensi
357 1045 466 1112 codice
494 1045 529 1112 in
551 1049 676 1110 textum
700 1065 809 1110 meum
835 1050 983 1131 receptas
1005 1047 1114 1132 velim,
1225 1064 1226 1090 ¹

93 1135 208 1220 figuris
221 1135 405 1199 litterarum
423 1133 475 1218 iis,
489 1155 572 1220 quae
586 1133 733 1199 cursivae
748 1139 916 1220 vocantur,
933 1134 1115 1219 insignien—
1226 1164 1227 1188 1

91 1222 149 1288 das
175 1223 295 1288 cumn.
344 1219 391 1288 lis
415 1226 524 1288 autem
546 1221 642 1306 locis,
664 1220 700 1287 in
723 1223 840 1308 quibus
862 1243 947 1288 unus
970 1245 1009 1288 ex
1032 1225 1114 1290 meis
1227 1266 1228 1304 p

92 1315 246 1396 quattuor
273 1310 438 1377 codicibus
466 1331 540 1377 oum
565 1309 744 1377 Parisiensi
772 1312 936 1397 congruit,
969 1311 1115 1378 litteram
1228 1366 1229 1390 .

91 1400 225 1485 appinxi
239 1421 324 1467 unco
337 1399 507 1466 inclusam.
551 1397 723 1466 Praeterea
736 1401 810 1465 usui
823 1423 896 1466 esse
909 1401 990 1466 mihi
1008 1402 1115 1467 visum
1228 1393 1230 1470 Ϊ

91 1493 158 1572 est,
181 1509 237 1555 eos
260 1489 349 1554 locos
372 1489 408 1554 in
430 1489 547 1572 quibus
571 1485 743 1552 diversitas
772 1488 921 1552 lectionis
949 1493 1058 1552 exstat
1080 1489 1115 1552 in

94 1576 259 1642 codicibus
286 1577 326 1643 V.
350 1580 384 1641 et
406 1576 461 1660 A„
487 1595 590 1660 paene
614 1574 655 1639 ad
677 1595 780 1639 unum
807 1595 921 1640 ornnes
943 1574 1009 1640 huc
1037 1597 1114 1641 oon-

95 1667 179 1730 ferre
202 1665 365 1750 simulque
386 1685 492 1750 pauca
505 1662 659 1728 mendose
671 1663 761 1748 typis
776 1683 929 1746 expressa
942 1664 1115 1751 corrigere.
1231 1668 1232 1672 ’

181 1753 329 1839 Denique
352 1751 447 1818 doleo
460 1749 547 1838 quod
560 1750 595 1815 in
617 1749 744 1836 aliquot
757 1751 900 1836 plagulis
914 1751 1113 1820 Parisiensis

91 1841 213 1908 codicis
246 1839 482 1927 principalibus
509 1840 694 1905 litterarum
724 1839 839 1925 figuris
870 1841 996 1906 abrasis
1028 1843 1114 1908 aliae

92 1951 214 2017 eaeque
235 1951 340 1996 novae
363 1929 563 1995 substitutae
581 1930 670 2012 sunt,
693 1949 758 2014 quo
781 1928 989 2015 factumest,
1012 1935 1050 1996 ut
1073 1931 1115 1996 iis

91 2020 173 2087 locis
180 2071 190 2104 ,
211 2019 329 2104 quibus
343 2017 538 2102 Hieronymi
556 2017 729 2082 contextus
744 2017 905 2084 orationis
918 2019 1116 2101 continetur,

94 2108 192 2174 lectio
216 2111 273 2174 aut
295 2127 428 2193 prorsus
445 2106 516 2172 fieri
537 2125 605 2170 non
618 2105 724 2190 possit
746 2109 805 2171 aut
817 2109 975 2194 temporis
988 2109 1116 2174 iactura

94 2218 192 2282 quam
215 2197 359 2263 maxima
379 2194 482 2279 factm
507 2215 589 2280 quae
612 2193 765 2281 plagulae
787 2197 956 2262 continent

97 2305 174 2371 pag.
210 2286 253 2354 83
268 2289 302 2352 et
339 2285 382 2352 84
405 2281 455 2372 (in
468 2287 559 2349 textu
576 2305 650 2350 meo
674 2285 853 2370 apag-¹16.
875 2286 932 2351 lin.
948 2286 990 2350 16
1012 2305 1115 2368 usque

418 2373 459 2438 ad
481 2391 555 2459 pag.
579 2371 631 2438 37.
654 2371 711 2437 lin.
736 2373 792 2456 12)

99 2483 173 2550 pag.
211 2461 254 2528 93
269 2465 303 2528 et
338 2463 383 2528 94
401 2460 491 2548 (int
502 2483 551 2637 )m.
570 2482 639 2546 ap.
652 2461 706 2526 40.
729 2460 808 2526 115
830 2481 932 2545 usque
955 2459 997 2525 ad
1019 2481 1049 2544 p.
1063 2460 1117 2526 41.

91 2661 165 2728 pag.
186 2640 250 2707 113
264 2644 298 2706 et
313 2640 378 2706 114
395 2636 445 2725 (in
465 2643 510 2793 ὦ
531 2659 577 2791 lnr.
607 2659 628 2813 ζ
656 2658 688 2722 p.
717 2636 771 2702 49.
806 2637 829 2702 l.
860 2637 901 2702 19
938 2657 1041 2722 usque
1074 2637 1116 2702 ad

90 2837 165 2905 pag.
183 2818 247 2884 119
262 2821 296 2884 et
311 2819 377 2885 120
394 2749 475 2902 (iiii.
485 2837 599 2901 m.ap.
608 2814 661 2881 52.
675 2815 697 2881 l.
706 2815 751 2880 24
759 2813 1015 2900 usqueadp.53.
1026 2815 1048 2879 l.
1058 2811 1117 2900 27)

93 2927 168 2994 pag.
184 2906 249 2973 133
263 2911 297 2972 et
312 2907 377 2973 134
396 2904 600 2992 (intm.ap.
610 2902 692 2970 60.1.
703 2904 744 2969 16
754 2904 944 2989 usqueadp.
955 2903 1039 2969 611.
1049 2901 1117 2987 25).

89 2998 121 3063 A
214 2994 482 3082 Bambergensis,
510 2993 539 3059 B
563 3023 607 3047 -
629 2991 822 3080 Bernensis,
862 2993 895 3060 N
919 3021 962 3046 ε
984 2990 1117 3058 Norim·

90 3085 277 3172 bergensis,
308 3084 340 3150 V
359 3115 401 3140 ·=
420 3083 614 3149 Vaticanus.

182 3173 262 3241 Iloei
290 3177 348 3240 aut
371 3173 440 3240 sine
463 3173 596 3240 nomine
619 3171 733 3258 scripti
757 3177 815 3239 aut
836 3170 864 3236 P
891 3170 985 3256 signo
1007 3169 1116 3236 notati

93 3267 171 3330 sunt
194 3262 398 3330 Parisiensis.

496 3425 708 3436 ..-..---
