2522 3802
502 137 540 148 -
588 99 632 168 95
675 138 720 150 ..

493 245 575 338 Cap.
602 245 730 317 LVII.

190 361 365 446 Fastidius,
388 361 621 430 Britannorum
645 363 825 449 episcopus,
848 365 979 450 scripsit
996 364 1038 430 ad
1056 365 1114 431 Ila-

96 451 201 516 talem
230 449 391 536 quendam
419 450 470 516 ‘de
496 451 565 516 vita
592 451 781 518 christiana'
810 453 931 518 librum
960 456 994 518 et
1015 454 1115 520 alium

99 538 153 604 ‘de
176 537 335 604 viduitate
358 537 528 604 servanda'
551 561 633 608 sana
655 544 688 606 et
711 540 781 606 Deo
804 541 905 626 digna
927 541 1085 608 doctrina.

479 702 563 793 Gap.
589 701 739 774 LVIII.
1133 715 1148 763 ὅ

191 817 349 904 (tyrillus,
371 821 611 888 Alexandrinae
635 823 787 888 ecelesiae
811 823 994 908 episcopus,
1013 822 1116 888 edidit

98 909 264 974 sanarum
291 902 491 976 ὑποθέσεων
517 913 691 990 tractatus,
721 911 872 976 homilias
900 911 1000 977 etiam
1029 931 1114 977 com-

98 997 211 1082 posuit
241 997 412 1081 plurimas,
444 1019 526 1082 quae
559 997 600 1063 ad
634 999 880 1064 declamandum
912 1021 933 1064 a
959 997 1114 1065 Graeciae
1162 1001 1167 1012 '

98 1085 259 1169 episcopia
292 1085 466 1150 memoriae
500 1086 776 1152 commendantur.
831 1086 1003 1152 Praeterea
1038 1088 1114 1152 libri

99 1173 168 1238 eius
201 1177 278 1238 sunt
310 1172 361 1238 ‘de
392 1194 578 1260 synagogae
607 1173 758 1258 defectu',
788 1174 843 1239 ‘de
871 1175 933 1239 fide
960 1175 1112 1240 adversus
1134 1190 1166 1238 10

98 1260 280 1345 hereticoe',
305 1265 338 1328 at
359 1262 515 1346 peculiari
541 1262 724 1327 intentione
749 1261 901 1328 adversus
923 1261 1113 1327 Nestorium

98 1349 1028 1522 biltafeuitttttfitttl.tetii?
1048 1348 1113 1415 a.

505 1617 585 1710 Gap.
614 1617 720 1689 LIX.

190 1735 379 1803 Timotheus
406 1738 578 1823 episcopus
602 1737 787 1823 composuit
812 1737 931 1802 librum
955 1735 1006 1805 ‘de
1029 1737 1111 1803 nati·
1134 1745 1165 1794 15

100 1825 202 1890 vitate
215 1823 350 1891 Domini
372 1827 547 1892 seeundum
569 1825 722 1912 carnem’,
745 1847 842 1910 quam
865 1825 968 1892 credit
989 1826 1024 1892 in
1046 1826 1111 1911 epi-

99 1913 222 1998 phania
245 1913 375 1979 faciam.

513 2005 596 2098 0040.
624 2005 707 2078 LX.

188 2122 345 2207 Leporius
373 2125 477 2190 adhuc
504 2125 695 2210 monachus,
722 2127 798 2208 post
820 2123 999 2208 presbyter,
1021 2146 1113 2208 prae·

100 2232 232 2277 sumens
255 2212 295 2277 de
317 2213 457 2296 puritate
481 2215 566 2278 vitae
585 2235 683 2299 quam
707 2212 842 2278 arbitrio
860 2215 988 2277 tantum
1011 2217 1045 2277 et
1063 2234 1112 2278 co·
1132 2238 1166 2286 20

99 2303 180 2365 natu
203 2302 349 2385 proprio,
370 2323 437 2367 non
458 2300 521 2366 Dei
549 2323 584 2366 ee
611 2302 770 2386 adjutorio
799 2301 978 2366 obtinuisse
1006 2301 1112 2366 crede-

99 2387 172 2472 bat,
195 2387 408 2473 Pelagianum
431 2389 551 2474 dogma
573 2393 723 2474 coeperat
746 2390 847 2474 aequi.
888 2387 951 2455 Sed
975 2409 995 2452 a
1014 2387 1113 2454 Galli·

99 2477 189 2542 oanis
212 2477 400 2544 doctoribus
424 2478 607 2544 admonitus
630 2480 664 2542 et
685 2477 721 2542 in
744 2477 856 2542 Africa
877 2499 935 2562 per
957 2475 1112 2562 Augusti-

99 2587 178 2629 num
202 2564 283 2630 adeo
306 2566 493 2632 emendatus
515 2566 647 2651 scripsit
669 2566 904 2632 emendationis
927 2587 1004 2631 suae
1023 2566 1112 2630 libel·

99 2653 182 2734 lum,
203 2654 240 2718 in
263 2676 327 2739 quo
351 2657 385 2720 et
406 2654 567 2720 satisfacit
588 2655 627 2720 de
650 2675 760 2720 errore
783 2657 817 2719 et
838 2654 960 2740 gratias
980 2653 1050 2737 agit
1072 2653 1111 2718 de
1133 2667 1166 2717 25

100 2740 340 2827 emendatione;
371 2743 467 2808 simul
494 2747 528 2808 et
555 2743 640 2828 quod
664 2743 748 2808 male
776 2744 920 2808 senserat
947 2741 987 2805 de
1009 2741 1112 2804 incar·

98 2829 232 2895 natione
255 2828 377 2896 Christi
404 2831 570 2916 corrigens
597 2829 791 2896 catholicam
814 2827 1011 2895 sententiam
1037 2827 1114 2892 tulit

101 2916 209 2982 dicens
224 2919 480 3006 manentibusin
490 2917 620 2984 Christo
635 2917 759 2983 duabus
772 2917 899 2983 naturis
913 2937 1012 2982 unam
1027 2916 1114 2982 credi

99 3003 175 3070 Filii
188 3003 249 3072 Dei
263 3028 446 3092 personam.

500 3117 583 3210 Gap.
611 3115 717 3188 LXI.
1132 3127 1166 3175 ³0

191 3233 390 3320 Victorinus,
408 3237 518 3304 rhetor
531 3235 752 3320 Massiliensis,
770 3234 810 3299 ad
824 3235 883 3300 filii
899 3235 959 3319 sui,
977 3233 1114 3318 Etherii,

99 3345 274 3408 personam
292 3329 529 3394 commentatus
548 3327 652 3391 estin
671 3323 836 3404 Genesim,
854 3323 887 3390 id
906 3325 968 3402 est,
987 3345 1008 3388 a
1024 3322 1112 3408 prin·
