2512 3794
137 1035 410 1108 PRAEFATIO
438 1035 504 1110 AD
532 1035 780 1128 DEXTRUM,
808 1001 1077 1116 PRAETORIO

441 1159 774 1235 PRAEFECTUM.

186 1439 348 1526 Hortaris,
370 1440 501 1526 Dexter,
528 1446 566 1508 ut
592 1441 818 1528 Tranquillum
847 1463 983 1530 sequens
1012 1445 1112 1512 ecole-

98 1529 248 1595 siastioos
272 1530 447 1615 scriptores
475 1532 509 1596 in
533 1531 680 1596 ordinem
704 1529 848 1616 digeram
873 1535 918 1618 et,
947 1533 1032 1617 quod
1055 1533 1112 1598 ille

96 1619 130 1683 in
154 1619 381 1685 enumerandis
409 1620 581 1706 gentilium
608 1621 790 1686 litterarum
817 1621 895 1686 viris
923 1621 1000 1686 fecit
1029 1622 1112 1688 inlu·

97 1707 233 1791 stribus,
262 1729 323 1794 ego
346 1709 381 1774 in
403 1709 523 1774 nostris
550 1708 613 1775 hoc
636 1709 770 1790 faciem,
792 1709 825 1774 id
849 1713 912 1795 est,
935 1713 973 1776 ut
995 1735 1015 1777 a
1037 1733 1110 1796 pas·

96 1796 189 1861 sione
217 1794 338 1862 Ohristi
365 1819 466 1882 usque
494 1797 535 1863 ad
565 1801 718 1884 quartum
748 1796 907 1864 decimum
935 1798 1110 1866 Theodosii
1147 1817 1164 1866 5

96 1887 302 1969 imperatoris
335 1909 457 1952 annum
485 1909 598 1952 omnes
627 1887 683 1973 qui
720 1886 759 1952 de
789 1887 957 1973 scripturis
990 1890 1111 1955 sanctis

96 1973 272 2039 memoriae
300 1975 420 2060 aliquid
447 1975 651 2041 tradiderunt
684 1977 747 2041 tibi
774 1977 916 2042 breviter
943 1999 1112 2063 exponam.

96 2061 257 2127 Fecerunt
279 2063 409 2148 quidem
437 2065 499 2130 hoc
527 2065 613 2130 idem
640 2064 724 2149 apud
749 2063 889 2130 Graecos
912 2064 1112 2152 Hermippus
1245 2065 1246 2124 Ῠ

96 2151 342 2238 peripateticus,
373 2153 562 2238 Antigonus
595 2153 777 2239 Carystius,
812 2151 961 2238 Satyrus,
996 2153 1110 2220 doctus

96 2240 156 2323 vir,
179 2243 212 2304 et
225 2240 321 2326 longe
336 2243 481 2308 omnium
495 2242 702 2308 doctissimus
717 2241 933 2306 Aristoxenus
957 2243 1109 2309 musicus.
1131 2260 1164 2308 10

95 2327 194 2411 Apud
217 2327 354 2396 Latinos
378 2335 487 2396 autem
512 2331 628 2416 Varro,
650 2328 779 2415 Santra,
801 2329 927 2414 Nepos,
949 2330 1109 2417 Hyginus,

95 2421 136 2500 et,
160 2417 201 2482 ad
225 2418 315 2483 ouius
337 2441 398 2486 nos
421 2421 605 2505 exemplum
628 2440 802 2504 provocas,
827 2418 1046 2506 Tranquillus.

186 2503 250 2571 Sed
272 2529 340 2573 non
362 2512 412 2574 est
435 2531 508 2574 mea
531 2513 564 2574 et
585 2510 715 2574 illorum
734 2508 849 2574 similia
868 2509 1024 2576 condicio.
1056 2509 1110 2574 Illi

95 2593 182 2659 enim
196 2594 351 2661 historias
370 2601 495 2663 veteres
515 2599 712 2683 annalesque
725 2598 918 2682 replicantes
933 2601 1110 2683 potuerunt

94 2683 188 2768 quasi
212 2681 251 2748 de
273 2685 399 2769 ingenti
422 2689 516 2771 prato
539 2709 605 2753 non
623 2709 758 2772 parvam
777 2686 926 2772 opusculi
949 2686 999 2750 sui
1018 2707 1108 2751 coro·
1130 2706 1163 2753 15

94 2793 171 2836 nam
194 2775 310 2841 teuere.
346 2773 434 2861 Ego,
453 2776 530 2861 quid
550 2779 694 2860 acturus,
718 2777 774 2861 qui
797 2775 922 2839 nullum
945 2773 1111 2857 praevium

93 2881 234 3016 {Alit
256 2863 985 3038 Pdllllltllsliilleliiliilllslimi*
1000 2861 1109 3016 itti

95 3038 333 3106 ecclesiastieae
356 3041 511 3108 historiae
534 3043 626 3108 libris
644 3042 785 3107 maximo
804 3039 899 3107 nobis
923 3039 1109 3106 adiumento

166 3185 180 3231 1
201 3177 302 3234 Veron.
323 3181 354 3235 et
370 3179 481 3237 Bamb.:
501 3183 623 3238 hortaris
641 3199 686 3238 me
760 3187 775 3236 ⁷
795 3180 858 3236 ulii:
877 3177 1061 3252 prodiderunt

96 3255 128 3302 12
146 3247 259 3305 Bamb.:
279 3251 322 3306 vis
341 3269 507 3322 provorsum
527 3253 608 3310 Bern.
628 3256 657 3309 et
674 3252 815 3309 Norimb.:
835 3251 877 3308 vis
896 3268 930 3307 oo
951 3263 997 3328 ere
1016 3263 1061 3302 me
1080 3251 1110 3304 et

93 3337 246 3388 provocare
338 3330 371 3378 lo
390 3340 447 3379 uon
465 3325 545 3382 deest
563 3327 592 3380 in
610 3324 709 3380 Bamb.
729 3327 758 3379 et
777 3323 857 3378 Bern.
877 3325 907 3376 et
951 3317 1050 3382 erimb-

96 3387 199 3446 18=t
220 3394 374 3463 Παμφίλου

146 3490 262 3543 Herdtng,
275 3491 436 3542 Hieronymus.
879 3484 892 3530 l
