2522 3802
516 111 761 177 ..105-

126 249 837 408 westminstre
856 253 952 408 {itt
970 254 1145 409 iffi}

129 450 169 496 ex
191 427 330 514 Virgine
351 433 479 513 natum3
507 392 738 514 Eutychianis‚
760 365 870 498 versis
892 431 1026 496 humani
1049 451 1145 518 gene-

127 519 174 584 ris
196 538 328 584 carnem
351 539 372 580 a
389 517 460 582 Deo
483 521 687 602 assumptam
709 524 744 584 et
760 541 828 585 non
850 520 890 584 de
908 520 999 586 caelo
1020 521 1144 585 exhibi-

130 611 199 674 tam
216 627 277 671 nec
300 606 401 670 massi
419 605 503 672 aeris
522 607 741 673 substantiam
763 609 798 674 in
821 629 950 674 carnem
971 609 1145 674 incessisse
1180 621 1197 674 c

128 697 319 777 formatam
347 693 586 779 timotheum,
615 696 664 761 its
685 695 832 762 Verbum
859 717 989 763 carnem
1011 697 1144 777 factum,

128 789 167 850 ut
188 787 341 850 manente
355 781 466 848 Verbo
483 783 519 849 in
541 806 601 850 sua
618 785 803 851 substantia
824 791 859 852 et
875 786 1007 852 homine
1028 787 1065 850 in
1086 807 1146 851 sua

129 877 249 938 natura
272 872 442 958 societate,
464 893 532 938 non
553 872 711 938 mixtione
733 895 834 940 unam
856 873 933 940 Filii
955 872 1017 939 Dei
1038 873 1144 940 reddi·

129 961 217 1028 disse
238 981 421 1044 personam.
457 959 576 1026 Vivere
599 961 703 1027 adhuc
726 961 1145 1048 spquonstantinopolim

130 1050 256 1116 dicitur.
291 1047 378 1114 Nam
391 1050 488 1115 initio
501 1049 616 1115 collati
628 1050 807 1118 Anthemio
826 1051 955 1136 imperii
973 1056 1006 1117 et
1023 1051 1145 1136 scripta
1165 1063 1198 1114 ιο

129 1139 199 1204 eius
222 1140 256 1202 et
278 1159 352 1204 eum
374 1159 444 1204 esse
466 1139 503 1204 in
525 1159 622 1204 carne
644 1141 792 1224 cognovi

472 1300 554 1394 cap.
585 1300 811 1373 Lxxxlu

220 1439 432 1523 Claudianus,
444 1437 644 1505 Viennensis
664 1439 817 1504 ecclesiae
834 1439 1014 1524 presbyter,
1031 1440 1083 1504 vir
1105 1439 1146 1505 ad

131 1529 327 1616 loquendum
351 1527 469 1594 artifex
491 1531 526 1593 et
547 1527 588 1593 ad
607 1527 839 1612 disputandum
858 1528 997 1612 subtilis,
1016 1548 1145 1612 compo-

131 1617 198 1684 suit
219 1623 287 1684 tres
311 1616 416 1703 ‘quasi
434 1616 474 1681 de
493 1619 582 1682 stetu
599 1617 651 1682 vel
671 1617 855 1682 substantia
873 1615 1012 1682 animee'
1035 1617 1146 1699 libros,
1165 1631 1199 1681 15

130 1707 306 1793 inquibus
334 1707 405 1792 egit
432 1705 630 1790 intentione,
658 1709 817 1790 quatenus
844 1706 997 1772 ostendat
1024 1705 1147 1791 aliquid

132 1817 202 1862 esee
225 1797 453 1880 incorporeum
475 1791 604 1879 praeter
625 1793 741 1861 Deum.

220 1883 359 1968 Scripsit
380 1885 415 1948 et
437 1882 503 1948 alia
519 1883 692 1962 nonnulla,
715 1883 801 1949 inter
818 1905 902 1970 quse
925 1887 959 1949 et
977 1883 1147 1969 ‘hymnum

130 1974 170 2039 de
202 1972 355 2058 passione
387 1969 548 2055 Domini',
580 1971 671 2036 cuius
703 1972 899 2056 principium
932 1975 996 2036 est:
1025 1971 1147 2056 ‘pange

130 2063 245 2148 lingua
267 2059 421 2147 gloriosi’.
457 2058 534 2124 Fuit
554 2061 664 2124 autem
687 2059 789 2124 frater
805 2059 970 2143 Mamerti,
983 2058 1146 2124 Viennen·
1165 2075 1200 2127 20

133 2152 178 2216 sis
201 2151 354 2236 episcopi,

486 2240 568 2332 Oap.
596 2239 798 2312 LXXXV.

223 2379 374 2466 Prosper,
387 2379 486 2446 homo
497 2378 712 2462 Aquitanicae
726 2378 880 2464 regionis,
894 2399 1043 2444 sermone
1057 2377 1148 2444 scho-

133 2470 266 2536 lasticus
294 2472 328 2534 et
349 2467 585 2534 assertionibus
608 2488 775 2551 nervosus,
798 2465 904 2533 multa
926 2467 1146 2551 composuisse

133 2559 259 2642 dicitur,
286 2579 325 2624 ex
349 2557 465 2642 quibus
494 2575 555 2642 ego
583 2553 737 2620 chronica
759 2555 891 2621 nomine
914 2555 1004 2621 illius
1027 2555 1147 2639 praeti·
1165 2571 1200 2622 25

133 2648 238 2714 tulate
268 2646 335 2732 legi
366 2644 570 2712 continentia
599 2666 620 2710 a
653 2641 751 2728 primi
782 2642 925 2710 hominis
958 2643 1147 2710 condicione

133 2735 225 2802 iuxta
247 2734 428 2800 divinarum
451 2735 685 2820 scripturarum
712 2731 809 2798 fidem
831 2754 933 2819 usque
957 2731 999 2797 sd
1022 2732 1147 2798 obitum

133 2823 357 2892 Valentiniani
379 2821 522 2910 Augusti
550 2825 584 2887 et
610 2821 831 2908 captivitatem
859 2821 949 2888 urbis
976 2817 1100 2888 Romae
1128 2842 1148 2886 a

206 3005 220 3053 1
240 2995 353 3052 sams:
371 2995 534 3053 summatim
552 3013 625 3066 quae
643 2995 729 3052 inerit
817 3001 833 3051 t
852 2993 964 3052 Bamb.=
989 2994 1149 3052 substantia

133 3069 164 3124 in
182 3085 266 3126 carne
288 3067 436 3124 incessiess
458 3067 611 3124 formatum
683 3066 829 3122 eBamb.=
852 3066 925 3122 vivit
947 3109 954 3125 .
974 3111 981 3124 .
1001 3109 1008 3122 .
1031 3067 1063 3121 ut
1080 3064 1149 3121 dici·

134 3145 180 3196 tur
251 3137 611 3208 recommissum
626 3138 695 3194 satis
769 3143 802 3193 lt
820 3136 932 3194 Bamb.=
950 3136 1058 3194 tresde
1073 3137 1149 3192 statu

135 3217 176 3268 lt.
196 3211 246 3266 sle
268 3208 426 3264 intentione
449 3211 511 3264 tota
596 3215 630 3268 18
648 3209 727 3266 Haec
745 3209 844 3266 verber
867 3207 981 3279 scripsit
998 3210 1051 3264 etc.
1075 3206 1148 3264 deei-

134 3283 268 3339 dereutor
285 3280 316 3334 in
329 3278 428 3336 Bamb.
442 3279 567 3336 etBern
639 3286 675 3336 tt
693 3280 833 3338 Nosimb.=
852 3279 997 3338 chronicas
1050 3277 1147 3336 Bamb.

134 3356 164 3409 et
181 3353 276 3409 Rern:
295 3349 418 3406 nominis
