2522 3802
392 147 717 211 .-75-

98 307 186 352 snae
214 284 346 370 scripsit
373 285 559 372 epistulam,
586 287 621 350 in
648 307 711 372 qna
738 285 833 352 docet
859 288 952 354 illum
974 289 1116 373 perfecie

89 375 173 440 Deo
200 395 297 460 posse
330 373 465 458 servire,
497 375 553 459 qni
587 373 808 456 condicionem
837 377 1010 442 creationis
1038 399 1116 444 snas

94 483 304 617 cpgposffis
324 463 496 616 addemnes
516 453 619 528 semet
636 463 1115 618 ipsumdmclipaventtgabores

97 573 117 617 e
177 572 218 616 uo
299 572 518 616 oaversum
548 572 644 616 omne
693 573 735 617 uo
785 573 821 616 ιιι
867 574 904 617 ac
926 575 959 617 vr
1077 577 1097 618 v

94 643 150 706 eet
183 643 280 724 atque
308 639 465 704 auxilium
492 573 695 724 implorandi)
728 640 769 705 ad
795 641 977 706 naturalem
1005 576 1116 726 lidrico
1152 657 1168 705 e

98 729 194 794 niens
218 727 408 810 puritatem,
431 727 666 792 continentiam
694 729 784 794 velut
811 732 947 795 naturae
970 729 1114 795 debitum

97 837 219 882 munus
242 814 427 881 obtinuerit

519 995 601 1088 Gap.
632 995 701 1068 XI.
737 1053 741 1059 .

190 1131 355 1217 Euagrius
373 1133 566 1218 monachus,
585 1155 683 1217 supra
701 1135 780 1200 dicti
794 1134 928 1201 Macar-ii
945 1136 1115 1202 familiaris

100 1221 292 1306 discipulus,
315 1221 424 1286 divina
447 1226 481 1287 at
502 1222 646 1287 humana
664 1223 847 1288 litteratura
864 1223 1043 1288 instructus
1067 1229 1114 1290 at·
1135 1243 1168 1291 10

99 1331 163 1396 que
191 1310 344 1396 insignis,
372 1311 462 1376 euius
490 1312 588 1376 etiam
616 1311 711 1395 liber,
738 1311 794 1396 qui
820 1310 1013 1376 adtitulatur
1035 1309 1115 1377 ‘vita

96 1397 252 1484 patrum',
269 1399 360 1463 velut
378 1399 649 1464 continentissimi
668 1402 701 1463 et
718 1398 929 1464 eruditissimi
947 1399 1008 1463 riri
1026 1421 1114 1464 men-

98 1487 224 1553 tionem
251 1487 344 1572 faait,
376 1488 505 1572 scripsit
538 1488 643 1552 multa
673 1487 842 1553 monachis
869 1488 1064 1572 necessaria,
1097 1511 1114 1553 a

99 1576 219 1662 quibus
238 1576 303 1640 ista
323 1579 413 1641 sunt:
438 1575 603 1642 ‘adversus
623 1580 696 1642 octo
715 1575 942 1660 principalium
962 1575 1115 1642 vitiorum

100 1662 350 1751 suggestionas’,
373 1685 455 1750 quas
478 1670 536 1730 aut
558 1665 683 1748 primns
707 1664 846 1730 advenit
868 1667 925 1730 ant
942 1663 1029 1729 inter
1050 1666 1113 1749 pri·
1134 1683 1167 1732 ιι

100 1774 171 1818 mos
196 1752 323 1836 didicit,
352 1757 426 1818 octo
454 1776 492 1818 ex
521 1758 706 1819 sanctarum
728 1755 859 1818 tanturn
881 1753 1114 1837 scripturarum

99 1841 297 1907 testimoniis
321 1842 475 1926 opposuit
496 1842 611 1926 libros,
634 1841 675 1906 ad
698 1841 944 1907 similitudinem
967 1843 1115 1908 videlicet

101 1929 248 2012 Domini,
276 1930 332 2015 qni
358 1931 548 2016 temptaturi
576 1951 635 1995 suo
663 1951 790 2015 semper
812 1931 1045 2014 scripturarum
1067 1935 1115 1995 te·

100 2019 265 2084 stimoniia
289 2018 447 2102 obviavit,
474 2019 522 2083 ita
548 2021 587 2083 ut
608 2039 820 2103 unaquaeque
843 2019 895 2082 vel
918 2018 1040 2084 diaboli
1062 2019 1112 2083 vel

99 2107 234 2172 vitiatae
257 2111 395 2172 naturae
419 2106 665 2192 suggestionum
689 2109 805 2171 contra
828 2127 862 2170 se
884 2105 1007 2171 habeat
1024 2107 1113 2172 testi·
1132 2125 1167 2175 ιο

98 2195 255 2261 monium.
305 2195 398 2272 Quod
425 2201 536 2261 tamen
564 2217 645 2278 opus
668 2193 780 2259 eadem
803 2194 1021 2278 simplicitate,
1049 2217 1114 2280 qua

99 2285 135 2348 in
158 2304 275 2369 graeco
303 2284 427 2368 inveni,
454 2284 562 2350 iussus
588 2283 624 2348 in
650 2283 786 2348 latinum
808 2283 984 2352 transtuli.¹
1018 2282 1113 2350 Gom·

101 2373 211 2458 posuit
246 2375 280 2437 et
315 2371 519 2438 anachoretis
556 2371 747 2455 simpliciter
777 2371 961 2437 viventibus
993 2371 1114 2438 librum

101 2461 243 2526 ‘centum
270 2459 519 2526 sententiarum’
547 2482 605 2546 per
632 2460 776 2544 capitula
799 2459 963 2546 digestum
987 2464 1021 2525 et
1043 2482 1114 2526 arn·

100 2549 178 2614 ditis
211 2570 249 2614 ac
281 2549 435 2616 studiosis
462 2549 542 2615 viris
578 2549 712 2634 ‘quicqu
759 2549 828 2614 ‘nta
855 2547 1113 2632 sententiarum',
1133 2567 1167 2616 aa

101 2659 197 2723 quem
220 2659 282 2724 ego
305 2637 443 2703 latinum
461 2639 585 2722 primus
603 2637 676 2704 teci.
746 2659 799 2704 am
818 2639 1016 2722 superiorem
1035 2637 1114 2700 olim

99 2727 240 2792 translat
225 2730 310 2809 t,um
342 2727 418 2812 quia
449 2727 601 2792 vitiatum
629 2731 662 2793 et
692 2748 751 2811 per
782 2730 910 2810 tempus
943 2724 1115 2790 confusum

99 2815 181 2901 ridi,
203 2777 324 2900 partim
346 2815 626 2901 reinterpretando
647 2815 768 2900 partim
787 2812 986 2879 emendando
1005 2815 1113 2878 aucto

1 2899 2 2954 ἶ
99 2904 146 2969 ris
168 2903 299 2970 veritati
311 2905 417 2996 ‚restit
418 2905 461 2971 ui.
507 2903 700 2989 Composuit
721 2907 754 2967 et
776 2901 935 2967 cenobitis
959 2923 998 2966 ac
1017 2923 1113 2986 syno-

101 2991 177 3058 dit't1s
197 2974 379 3058 doctrinam
398 2997 509 3078 aptam
531 2994 619 3058 vitae
638 2991 819 3058 communis
843 2994 876 3055 at
894 2991 936 3056 ad
953 2989 1113 3092 virginem
1133 3013 1167 3061 ιο

1 3097 5 3160 ’,
101 3079 170 3146 Deo
190 3085 352 3148 sacratam
371 3081 517 3148 libellum
538 3085 773 3166 competentem
792 3079 944 3165 religioni
962 3083 997 3146 et
1014 3078 1114 3146 sexui.

100 3168 213 3236 Edidit
239 3174 273 3235 et
299 3191 420 3256 paucas
447 3169 659 3236 sententiolas
692 3168 788 3235 valde
816 3169 970 3235 obscuras
1001 3171 1047 3251 et,
1079 3169 1116 3230 ut

171 3325 319 3383 8me.:
345 3327 455 3383 labores
478 3325 612 3382 luctando
635 3325 723 3394 atque
742 3365 749 3381 .
770 3368 776 3380 .
796 3367 802 3380 .
823 3365 830 3380 .
899 3322 1047 3378 allambe
1068 3337 1115 3376 na·

6 3414 9 3445 ¹
99 3398 219 3454 turalem
237 3413 350 3466 quoqne
424 3404 457 3453 10
475 3397 554 3452 Vat:
573 3395 716 3451 mundana
