2512 3794
577 77 770 134 ..xx-

607 237 679 310 Pop.
698 240 745 295 24.

187 331 224 396 2:
248 330 430 404 abrahamo
455 325 571 416 (th
594 327 755 416 abraxas).
1009 401 1011 404 ,

187 419 223 484 3:
246 438 411 484 mrum
423 417 609 501 subputatur
623 414 704 503 (n).
737 415 805 504 (Vc
819 417 955 484 nominc
968 419 1176 506 suppotetur.)

249 544 287 554 —
312 511 452 574 moratu
473 512 518 573 aet
539 510 642 572 ouem
665 503 732 591 (V.:
756 509 866 572 autem
889 503 964 592 cst).
1086 549 1089 554 -

187 597 224 662 5:
248 598 383 662 cozebas
407 591 474 681 (A.;
498 591 664 679 cnonas).
777 667 781 674 ,

187 686 224 752 6:
248 685 407 771 enegavit.
1013 747 1014 752 .

188 773 458 948 8:111egisjppus.
488 809 526 818 -
556 773 794 856 mesoleucon
821 769 900 858 (t).
926 841 930 848 ,
956 769 1026 857 (V.:
1054 778 1180 857 aposto-

261 881 364 938 orum.
701 931 703 940 ,

168 952 224 1018 13:
247 951 317 1015 vita
344 948 422 1036 (V.).
450 987 495 997 -
523 947 591 1036 (Αι
622 946 750 1036 uitam.)
803 948 871 1035 (V.:
904 953 1112 1034 expromeret.
1143 989 1178 998 —

247 1042 411 1106 caractere
435 1036 514 1126 (V.).
534 1057 538 1066 ’
560 1037 628 1122 (A.:
652 1037 895 1123 characterem.)

29 1195 32 1200 ,
168 1129 225 1194 16:
248 1127 461 1193 Eleutherum
486 1125 600 1214 (V.A.:
623 1124 848 1213 Eleuterium).

167 1217 226 1282 19:
250 1217 407 1284 crevisset
428 1214 504 1302 (Vc
520 1237 663 1286 errorem
687 1215 893 1302 greuiesent).
920 1253 958 1264 -
985 1237 1025 1280 ex
1046 1236 1119 1300 quo.

165 1307 312 1390 202q1a
334 1307 475 1409 mort
496 1311 603 1375 octale
640 1303 836 1392 (floruerintz
860 1309 955 1370 erret
973 1302 1127 1390 typogr.).
1143 1341 1180 1351 -—

165 1479 225 1550 21':
245 1399 454 1568 hhysellhhdie
476 1480 587 1569 (V.A.:
612 1481 736 1566 ‘usque'
761 1480 848 1566 om).

166 1573 225 1637 22:
250 1573 424 1674 Antinum.
443 1607 487 1618 —
511 1570 577 1652 (A.:
601 1568 667 1654 cui,
691 1567 787 1639 V.B.:
811 1565 925 1660 cuius).
944 1604 987 1614 -
1012 1565 1080 1654 (Va
1100 1591 1185 1654 cym-

165 1748 218 1812 23.
242 1658 505 1813 gihghhgrcettn.
561 1743 726 1808 Antinuus
757 1747 866 1808 autem
899 1744 1017 1809 ciuitas
1052 1749 1185 1832 aegypti

246 1855 328 1921 quae
357 1857 396 1900 ex
424 1833 497 1899 eius'
520 1833 652 1898 nomine
680 1831 831 1897 condedit
860 1835 893 1898 et
918 1832 1095 1918 prophetas
1120 1837 1185 1900 sto·

244 1923 309 1988 tuit
338 1924 374 1988 in
401 1924 568 2007 templum.
618 1919 802 1987 Antinuum
830 1925 941 1989 autem
957 1922 1127 1989 ..diliciis
1142 1961 1183 1971 -

247 2009 314 2098 (Vc
347 2011 507 2076 exercitus
533 2007 719 2096 Antinous).

31 2171 35 2176 ,
165 2101 224 2166 25:
248 2098 453 2166 ‘Antinoum'
478 2121 540 2165 om.

165 2191 225 2256 28:
248 2188 482 2274 phylosophus.
506 2225 550 2236 —-
573 2187 831 2273 phylosoforum.

36 2379 44 2398 .
166 2278 225 2342 29:
250 2275 435 2344 Palestinae
459 2275 537 2363 (V..)
563 2313 601 2324 -
626 2278 724 2362 patri.

606 2434 676 2505 Pop.
696 2439 745 2491 25.

187 2543 224 2608 5:
247 2543 317 2608 eius
341 2543 524 2608 Antonioni
545 2541 657 2608 Marco
683 2541 852 2610 Antonino
876 2541 981 2608 ‘Vero’
1005 2563 1064 2609 om.

187 2633 225 2697 9:
249 2631 358 2697 alium.
385 2668 423 2678 -
450 2630 519 2717 (V.:
544 2631 745 2698 monarciadi
767 2629 822 2718 et)

167 2721 225 2785 12:
249 2721 395 2787 aduersus
419 2719 598 2786 Tritonem.

167 2811 225 2874 13:
249 2809 400 2874 hireneus
424 2807 505 2894 (V)

167 2898 225 2962 14:
247 2897 371 2963 heresis
395 2895 474 2984 (V..)

167 2987 285 3052 17:111
303 2987 418 3052 urbem
445 2985 593 3053 Romam.
626 3023 664 3033 -
701 2985 857 3052 ‘haberet'
882 3008 945 3052 om.
979 3023 1019 3032 -
1052 2983 1124 3074 (Vs
1159 2991 1194 3052 et

246 3073 444 3163 crisgetem.)
470 3113 512 3123 -

167 3164 225 3230 19:
249 3165 407 3252 golosum.

166 3254 225 3320 22:
250 3254 419 3341 sanguine.

166 3343 227 3409 23:
250 3341 356 3410 Milito
381 3341 452 3431 (Vc
477 3343 591 3410 Melito
616 3340 751 3428 asinus).
