2522 3802
514 107 754 172 -107-

117 271 197 316 ·ncm
219 271 286 315 non
308 249 475 314 hominem
498 269 615 332 purum
633 247 798 334 genuisse,
821 249 876 332 qui
899 251 1015 332 postea
1038 249 1135 315 susci·

143 342 213 404 eret
240 337 458 420 divinitatem,
488 337 544 401 sed
571 335 677 402 Deum
700 357 811 402 verum
839 337 874 401 in
896 337 1028 402 homino
1051 343 1157 404 vero*

118 361 205 494 dunt
231 447 307 492 vero
341 429 375 490 et
407 425 473 490 alia
505 425 574 490 eius
608 425 743 509 scripta,
772 446 867 510 quae,
895 426 971 509 qnia
998 425 1136 492 necdum

120 517 200 600 legi,
213 515 383 582 nominare
401 514 500 579 uolui.
532 511 618 578 Viva
635 517 747 578 tamen
760 533 839 578 voce
858 513 1010 599 egregius
1024 514 1137 581 doctor

118 609 154 670 et
180 603 322 670 creditur
351 605 384 667 et
412 601 579 686 probatur.
625 599 765 686 Scripsit
791 605 905 686 postea
933 605 966 666 et
989 602 1030 668 ad
1053 601 1136 668 Feli·
1172 617 1188 666 c

114 713 190 759 cem
214 692 415 777 praefectum
433 691 588 775 praetorii
607 694 641 754 et
659 690 813 774 patriciae
832 690 1002 776 dignitatis
1021 691 1136 774 virum,

119 782 222 846 lilium
240 779 353 865 Magni
371 779 523 862 consolis,
541 778 607 842 iam
630 779 818 864 religiosam
837 779 1009 864 epistulam
1033 779 1074 844 ad
1096 779 1136 843 ti-

117 891 244 934 morem
267 868 330 933 Dei
352 867 578 951 hortatoriam,
597 868 843 933 convenientem
862 889 1019 952 personae
1038 868 1135 952 pleno

116 957 230 1022 animo
255 955 490 1042 paenitentiam
513 975 609 1040 agere
633 956 827 1041 disponenti.

447 1117 529 1210 Cap.
557 1117 805 1190 LXXXVII.
1156 1148 1189 1198 ιο

211 1221 329 1288 Servus
352 1220 416 1287 Dei
438 1221 608 1306 episcopus
636 1221 766 1306 scripsit
793 1219 962 1286 adversum
985 1243 1057 1304 eos,
1081 1222 1136 1305 qui

119 1311 240 1398 dicunt,
272 1308 438 1376 Christum
466 1310 501 1374 in
529 1309 591 1374 hac
618 1309 686 1375 vita
719 1309 890 1396 degentem
918 1330 987 1374 nou
1016 1309 1135 1374 vidisse

117 1400 244 1466 carneis
269 1399 336 1464 suis
364 1399 467 1466 oculis
494 1396 642 1483 Patrem,
675 1397 731 1462 sed
763 1401 840 1482 post
866 1397 1134 1463 resurrectionem

117 1510 158 1552 ex
180 1488 317 1554 mortuis
341 1491 374 1552 et
398 1485 620 1554 ascensionem
647 1486 683 1551 in
706 1485 828 1570 caelos,
856 1507 929 1550 cum
956 1486 1134 1552 translatus

117 1577 226 1642 estin
249 1575 387 1662 gloriam
409 1573 472 1640 Dei
494 1574 616 1660 Patris,
639 1573 804 1660 profectus
828 1574 951 1640 scilicet
974 1575 1004 1640 ei
1027 1574 1134 1640 dantis
1156 1588 1188 1640 15

116 1670 153 1729 ot
173 1665 467 1730 remunerationem
486 1663 650 1750 martyrii,
673 1665 708 1728 in
732 1685 796 1748 qua
815 1663 973 1748 scriptura
992 1663 1135 1728 ostendit

118 1756 152 1818 et
174 1753 395 1838 disputatione
417 1776 476 1818 sua
499 1757 533 1818 et
551 1775 717 1819 sacrarum
737 1751 969 1838 scripturarum
989 1752 1135 1818 testimo·

116 1841 182 1906 niis
206 1841 384 1908 Dominum
407 1841 516 1908 Iesum
545 1843 586 1908 ab
614 1841 685 1927 ipso
709 1842 777 1906 eius
801 1845 959 1926 conceptu
982 1863 1041 1926 per
1064 1839 1135 1926 Spi-

114 1931 216 1994 ritum
247 1933 396 1997 sanctum
423 1929 510 1996 facto
539 1935 572 1996 et
600 1933 697 2015 partu
726 1952 765 1996 er
788 1929 935 2016 Virgine,
959 1951 1022 2014 quo
1046 1927 1134 1994 Deus

117 2041 213 2084 verus
236 2019 270 2084 iu
293 2019 425 2086 homine
449 2039 525 2084 vero
548 2020 620 2102 ipse
643 2040 769 2104 qnoque
784 2017 892 2083 Homo
915 2015 1004 2082 Deus
1028 2017 1132 2083 factus
1154 2033 1187 2082 ιο

118 2111 217 2174 uatus
234 2111 293 2190 est,
307 2129 434 2192 semper
448 2107 553 2174 carnis
569 2129 646 2172 suae
661 2106 762 2174 oculis
777 2109 810 2170 et
823 2105 954 2171 Patrem
969 2105 1088 2170 vidisse
1102 2109 1135 2171 et

122 2194 279 2280 Spiritum
296 2201 445 2262 sanctum
459 2219 517 2282 per
527 2195 699 2282 specialem
710 2199 742 2260 et
752 2195 877 2260 unitam
887 2193 938 2259 dei
949 2198 982 2259 et
991 2194 1133 2260 hominis

117 2285 319 2350 societatem.

438 2377 521 2469 cap.
550 2375 820 2448 cxxxvlii.

206 2495 386 2582 Victorius,
415 2499 549 2564 natione
576 2497 772 2581 Aquitanos,
805 2495 983 2562 calculator
1012 2495 1133 2580 scripu·
1153 2511 1186 2560 25

115 2585 231 2670 lorum,
245 2585 401 2652 invitatus
417 2609 437 2652 a
451 2589 564 2652 sancto
575 2583 712 2669 Hilario,
726 2584 818 2652 urbis
831 2584 956 2650 Romae
971 2585 1133 2669 episcopo,

115 2675 300 2779 composuit
322 2674 524 2759 ‘paschalem
548 2673 689 2740 cursum'
712 2673 923 2760 indagatione
946 2672 1133 2738 cautissima

189 2793 337 2852 etiamn:
357 2797 542 2852 ethomincm
596 2795 743 2852 3Bamb.:
762 2811 859 2850 rerum
873 2795 938 2848 sunt
991 2793 1133 2849 Norimb.=

114 2865 239 2920 nondum
312 2867 487 2923 6Norimb.:
527 2866 665 2922 rectoriae
737 2865 854 2920 8Bern.
874 2867 903 2920 et
916 2861 1055 2919 Norint:
1075 2863 1133 2920 Do-

117 2936 187 2990 mini
259 2935 341 2994 Bern.
362 2941 391 2994 et
409 2885 549 2994 Nor-iuli:
569 2938 760 2993 confinentem
778 2952 913 3006 personas
933 2977 938 2990 .
959 2975 965 2988 .
985 2978 991 2991 .
1012 2977 1018 2989 .
1039 2935 1132 3006 dispo·

112 3007 241 3062 nentium
315 3015 346 3063 11
357 3007 462 3065 Dubito
478 3009 549 3066 sitne
565 3008 667 3064 Servus
682 3007 808 3078 episcopi
821 3022 937 3073 nomem
952 3005 982 3060 id
996 3007 1132 3062 excidisse

115 3077 187 3132 mihi
200 3079 325 3147 videtur,
340 3081 374 3136 ut
386 3079 563 3136 scribendum
578 3079 628 3135 sit:
643 3079 658 3114 ⁸
672 3097 768 3136 servus
782 3077 849 3148 Dei,
864 3095 879 3134 o
900 3076 958 3134 iseo
979 3095 1020 3146 us,
1037 3119 1043 3132 .
1059 3119 1065 3132 .
1081 3117 1087 3133 .

116 3147 526 3207 14Bern.etNorimb.:caelis
574 3157 607 3206 1e
618 3149 798 3206 Norimb.:in
845 3155 878 3205 17
913 3095 1132 3204 aml.etBern.r

116 3235 183 3274 sane
193 3236 346 3288 sacrarum
366 3222 506 3277 Norimb.:
517 3224 624 3277 sancet
679 3228 712 3277 19
726 3220 808 3277 Bern.
823 3219 1000 3276 etNorimb.:
1016 3217 1092 3288 quod

113 3288 252 3346 22Bern.=
267 3308 335 3363 ergo
348 3309 400 3362 per
436 3291 531 3348 Bcrn.=
548 3292 686 3349 unitatem
745 3291 902 3346 25Bamb.:
913 3289 1097 3359 Aquitanicus

113 3358 208 3416 Rern:
227 3363 407 3434 scrupulosus
425 3363 640 3432 scripturarum
659 3363 800 3420 Norimb.=
819 3360 1039 3418 studiosissimos
1057 3377 1133 3417 soru-
