2522 3802
521 79 655 157 ..'g4
703 127 741 138 ..

122 235 210 301 tione
228 234 363 301 Domini
385 234 433 298 ita
451 233 590 318 scripsit,
613 235 650 298 ut
669 231 877 297 manentibus
895 231 931 296 in
948 209 992 298 ¹oo
1016 233 1148 299 duabus

122 323 248 388 naturis
271 345 337 386 una
359 323 509 388 credatur
531 321 607 388 Filii
629 320 691 385 Dei
713 340 861 404 persona.

410 557 413 564 .
493 503 575 593 Cup.
607 499 776 572 XXVII.

213 639 352 706 Ursinus
367 639 544 705 monachus
564 639 694 724 scripsit
711 638 866 704 adversus
880 659 945 723 eos,
963 639 1018 722 qui
1031 639 1149 724 rebap-

88 728 271 798 5tizand0s
298 728 456 794 hereticos
489 727 680 809 decernunt,
714 726 833 792 docens
870 747 931 792 nec
961 727 1148 812 legitimum

124 839 194 882 esso
216 838 276 882 nec
297 815 366 881 Deo
389 816 534 902 dignum,
556 814 754 900 rebaptizari
776 815 850 880 illos
874 816 930 900 qui
953 815 989 879 in
1010 815 1149 880 nomina

125 905 314 989 simpliciter
343 901 465 970 Christi
496 905 548 968 vel
578 904 614 967 in
645 904 775 969 nomine
802 903 910 968 Patris
943 907 976 967 at
1002 901 1079 968 Filii
1112 907 1149 969 ct

126 991 266 1076 Spiritus
289 992 406 1072 sancti,
430 992 577 1077 quamvis
601 1013 701 1075 pravo
725 1011 822 1057 seusu
845 991 1064 1076 baptizentur,
1088 993 1148 1058 sed

125 1083 201 1165 post
223 1083 354 1145 sanctae
372 1079 545 1144 Trinitatis
569 1083 603 1144 et
621 1078 743 1146 Christi
766 1079 946 1164 simplicem
970 1079 1148 1145 confossio-

72 1187 106 1236 10
125 1189 200 1233 nem
224 1167 370 1234 sufficere
398 1167 600 1234 adsalutem
622 1189 737 1233 manus
764 1168 1007 1251 impositionem
1036 1168 1149 1234 catho-

126 1257 181 1322 lici
204 1257 388 1323 sacerdotis.

484 1367 566 1457 cap.
598 1365 791 1436 XXVIII.

215 1503 377 1568 Macarius
406 1504 488 1567 alter
517 1501 696 1568 monachus
724 1503 853 1586 scripsit
879 1503 914 1568 in
937 1458 1022 1568 urbe·
1039 1501 1148 1569 Roma

128 1591 294 1656 ‘adversus
322 1589 581 1656 mathematicos'
604 1590 718 1674 libros,
745 1591 781 1656 in
810 1613 873 1676 quo
901 1591 1013 1656 labore
1041 1591 1149 1656 orien-

76 1698 109 1748 15
130 1681 243 1761 talipm
268 1679 428 1763 quaesivit
451 1678 569 1744 solatia
592 1678 832 1761 scripturarum.

507 1857 589 1947 Gap.
621 1857 771 1929 XXIX.

215 1993 422 2080 Heliodorus,
436 1992 660 2060 Antiochenus
681 1995 859 2080 presbyter,
874 1995 976 2060 edidit
990 1997 1030 2061 dc
1048 1997 1149 2084 virgi·

126 2085 229 2149 nitate
243 2083 411 2170 egregium
425 2087 457 2148 et
466 2083 589 2150 sanctis
599 2083 768 2167 scripturis
782 2085 977 2150 instructum
987 2085 1150 2152 volumen.

522 2263 605 2354 Cup.
637 2263 763 2334 XXX.

74 2421 108 2469 20
216 2399 395 2481 Iohannes,
423 2398 806 2484 Constantinopolitanae
835 2401 1020 2486 episcopus,
1049 2401 1150 2468 admi·

126 2487 248 2554 randae
281 2488 435 2552 scientias
467 2488 518 2552 vir
548 2492 581 2551 et
608 2488 657 2552 ita
688 2509 726 2552 ac
758 2489 930 2553 sanctitate
961 2489 1150 2580 homiuibps

126 2576 313 2660 imitandus,
337 2575 468 2659 scripsit
491 2575 594 2640 multa
617 2579 650 2640 ct
672 2575 766 2640 valde
793 2578 975 2642 neccssaria
998 2579 1150 2644 omnibus

127 2665 168 2729 ad
196 2666 306 2731 divina
328 2664 578 2750 properantibus
601 2664 758 2746 praemia3
791 2686 808 2728 c
831 2665 947 2750 quibus
978 2670 1055 2731 sunt
1077 2667 1150 2732 illa:

129 2752 179 2816 ‘de
203 2755 451 2838 compunctione
475 2749 612 2818 animae’
637 2751 721 2818 liber
743 2775 844 2836 unus,
867 2753 1042 2819 ‘neminem
1064 2755 1151 2820 laedi

75 2861 109 2909 as
128 2841 192 2906 nisi
220 2864 240 2905 a
267 2848 372 2909 semet
398 2841 498 2928 ipso’,
524 2840 571 2906 ‘in
597 2840 727 2906 laudem
758 2841 847 2906 beati
873 2841 967 2908 Pauli
996 2843 1149 2927 spostoli'

203 2988 216 3035 1
237 2981 334 3038 Bamb.
358 2984 388 3037 et
404 2982 545 3036 Norimb.:
573 2981 607 3036 de
630 2979 823 3038 incarnatione
841 2997 908 3036 vero
932 2981 987 3048 its;
1005 2980 1103 3036 Bumb.
1123 2983 1151 3037 et

128 3051 268 3108 Norimb.:
288 3069 323 3106 ca
410 3059 442 3107 13
461 3051 559 3108 Bamb.
580 3053 609 3107 ct
627 3051 767 3107 Norimb.:
787 3053 859 3108 alius
952 3057 986 3106 14
1004 3052 1101 3107 Bamb.
1122 3057 1151 3108 et

129 3124 269 3180 Norimb.:
283 3122 386 3176 librum
457 3129 489 3175 17
506 3121 604 3176 Bamb.
620 3123 649 3176 et
663 3121 803 3177 Norimb.:
818 3123 851 3176 Η.
868 3122 941 3178 alius
1009 3121 1149 3177 Norimb.:

130 3195 297 3252 Antiochiae
392 3199 427 3246 20
445 3191 536 3244 Huius
559 3192 691 3246 Iohannis
714 3191 811 3246 Bamb.
837 3195 865 3247 et
888 3191 1015 3247 Norimb.
1047 3192 1150 3262 aliique

130 3267 301 3323 mentionem
324 3279 379 3318 uon
401 3260 515 3315 iaciunt.
546 3259 647 3316 Confer
666 3263 753 3330 caput
770 3261 844 3328 XXI,
867 3263 897 3316 in
921 3279 978 3329 quo
997 3263 1074 3317 haud
1093 3264 1149 3318 scio

131 3353 168 3391 an
186 3339 262 3393 idem
281 3339 417 3393 lohannes
431 3333 610 3385 memoretur.
