2522 3802
551 97 769 161 ..95-

152 236 236 320 cipio
266 235 344 300 libri
370 214 542 320 usquead
569 235 695 300 obitum
722 235 928 320 patriarchae
956 232 1116 299 Abrahae
1143 239 1182 299 et

152 328 219 390 tres
238 345 334 389 versa
352 323 453 388 edidit
469 323 571 390 libros
586 321 772 390 Christiano
791 322 921 408 quidem
939 325 973 387 et
990 323 1045 406 pio
1062 343 1179 405 sensu,
1229 361 1230 382 ι

154 412 210 477 sed
229 415 342 496 utpote
361 413 518 478 saeculari
535 412 718 478 litteratura
737 415 913 496 occupatus
931 410 1031 476 homo
1050 413 1085 475 et
1099 411 1180 476 nul·

154 500 217 566 lius
240 500 430 586 magisterio
453 501 488 566 in
510 499 627 565 divinis
647 500 816 584 scripturis
835 500 1045 582 exercitatus,
1069 499 1180 565 levio-

118 602 135 651 t
154 589 199 654 ris
221 589 372 674 ponderis
396 588 592 654 sententiam
614 588 774 673 figuravit
820 587 961 654 Moritur
983 585 1178 652 Theodosio

155 681 188 742 et
209 675 443 742 Valentiniano
466 677 689 762 regnantibus

542 889 624 981 Cap.
652 891 782 961 LXII.

245 1041 422 1110 Cassianus
451 1044 583 1110 natione
611 1042 734 1128 Scytha
761 1041 1046 1130 Constantinopoli
1075 1066 1096 1110 a
1123 1044 1177 1112 Io-

156 1135 265 1200 hanne
287 1131 410 1218 Magno
434 1132 586 1218 episeopo
610 1133 765 1200 diaconus
789 1132 957 1198 ordinatus
981 1132 1067 1218 apud
1085 1133 1176 1199 Mas·

104 1239 137 1288 10
156 1223 266 1289 silium
288 1222 460 1306 presbyter
483 1221 628 1287 condidit
651 1221 715 1286 duo
738 1223 950 1304 monasteria,
976 1221 1010 1286 id
1033 1225 1097 1305 est,
1128 1224 1177 1288 yi-

156 1333 266 1377 rorum
290 1333 328 1376 ac
350 1311 536 1395 mulierum,
560 1331 642 1394 quae
664 1330 766 1395 usque
788 1307 885 1374 hodie
904 1313 1042 1374 exstant
1088 1307 1176 1376 Suri-

156 1401 223 1486 psit
251 1399 448 1483 experientia
475 1399 702 1484 magistrante,
735 1398 854 1462 librato
884 1419 1046 1482 sermone,
1074 1401 1109 1462 et
1137 1404 1176 1464 ut

157 1488 301 1572 apertius
338 1485 459 1570 dicam,
500 1509 597 1552 sensu
633 1487 733 1550 verbs
768 1486 937 1552 inveniens
974 1490 1008 1551 et
1044 1487 1175 1553 aetione

156 1578 307 1662 linguam
330 1597 464 1640 movens
487 1596 538 1640 res
562 1574 708 1640 omnium
726 1573 959 1640 monachorum
977 1575 1174 1659 professioni

106 1677 140 1726 15
158 1663 372 1744 necessarias,
395 1663 428 1726 id
452 1666 514 1727 est:
546 1662 596 1726 ‘de
619 1661 734 1727 habitu
757 1661 920 1727 monachi'
945 1667 978 1727 et
1001 1661 1051 1728 ‘de
1075 1683 1173 1728 cano-

156 1753 231 1816 nica
254 1749 411 1816 oratione'
436 1753 531 1833 atque
555 1749 767 1833 ‘psalmorum
790 1749 900 1816 modo'
924 1751 1036 1836 quiin
1060 1773 1173 1817 mona·

158 1838 264 1906 steriis
287 1836 430 1922 Aegypti
457 1837 509 1901 die
536 1839 698 1921 noctuque
721 1842 860 1920 tenetur,
882 1839 983 1904 libros
1009 1843 1172 1924 quattuor,

158 1924 422 1992 ‘institutionum'
445 1927 565 1991 librum
591 1948 706 2010 unum,
729 1925 780 1991 ‘de
809 1928 934 2012 origine
961 1927 1172 2012 etqualitate

159 2037 197 2082 ae
226 2014 377 2081 remediis
405 2018 478 2080 octo
511 2015 739 2099 principalium
766 2014 931 2082 vitiorum'
955 2016 1056 2081 libros
1082 2015 1173 2100 VHI,

104 2118 140 2168 20
159 2105 306 2190 singulas
340 2104 464 2169 scilicet
497 2104 536 2168 de
567 2103 707 2190 singulis
734 2103 821 2168 vitiis
851 2102 951 2169 libros
984 2103 1172 2188 expediens3

158 2192 296 2276 digessit
318 2193 417 2258 etiam
441 2191 644 2257 ‘collationes
664 2213 737 2258 oum
755 2191 904 2277 patribus
919 2191 1093 2276 Aegyptiis
1115 2193 1172 2258 ha-

158 2278 267 2362 bitas’,
289 2280 352 2345 hoc
379 2283 443 2362 est,
467 2279 517 2344 ‘de
541 2279 756 2346 destinatione
780 2279 931 2346 monachi
954 2303 992 2346 ao
1014 2278 1098 2363 fide’,
1121 2281 1170 2346 ‘de

158 2367 373 2451 discretione',
397 2367 452 2432 ‘de
481 2367 586 2434 tribus
614 2368 656 2434 ad
678 2367 880 2434 seruiendum
902 2367 972 2434 Deo
995 2369 1169 2434 vocationi-

158 2454 242 2539 bus',
265 2453 316 2520 ‘de
344 2477 456 2542 pugna
483 2456 586 2521 earnis
618 2457 788 2523 adversum
812 2457 961 2542 spiritum
984 2461 1018 2521 et
1040 2457 1169 2541 spiritus
1227 2501 1230 2508 ι

106 2556 140 2604 25
160 2543 313 2610 adversus
341 2543 493 2628 carnem’,
522 2543 572 2609 ‘de
601 2549 719 2611 natura
747 2545 894 2610 omnium
921 2544 1095 2630 uitiorum',
1121 2545 1169 2611 ‘de

159 2655 237 2698 nece
261 2631 469 2715 sanetoium'‚
493 2633 544 2698 ‘de
567 2635 749 2700 mobilitate
773 2634 920 2717 animae’,
944 2632 994 2698 ‘de
1012 2633 1168 2719 principa-

158 2720 267 2806 libus'‚
290 2721 341 2787 ‘de
369 2721 525 2807 qualitate
553 2721 731 2805 orationis',
755 2722 804 2788 ‘de
831 2721 969 2809 iugitate
997 2722 1169 2806 orationis',

159 2807 211 2872 ‘de
238 2809 411 2895 perfeetis',
435 2810 485 2876 ‘de
513 2810 683 2895 castitate’,
707 2811 758 2878 ‘de
785 2812 986 2896 protectione
1016 2809 1099 2889 Dei,
1121 2809 1167 2875 ‘de

160 2897 296 2962 scientia
323 2897 484 2983 spiritali',
508 2899 558 2964 ‘de
581 2900 699 2965 divinis
730 2898 999 2981 charismatibus,
1023 2898 1073 2963 ‘de
1096 2900 1167 2963 ami·

106 3005 142 3054 30
161 2983 257 3070 citia’‚
285 2984 336 3049 ‘de
368 2987 547 3052 definiendo
580 2989 631 3054 vel
663 3009 731 3054 non
759 2987 961 3072 definiendo’‚
990 2987 1040 3052 ‘de
1068 2988 1167 3052 tribus

163 3075 305 3160 antiquis
321 3075 493 3158 generibus
507 3077 742 3142 monachorum
756 3080 789 3141 et
799 3081 915 3162 quarto
929 3097 1032 3159 nuper
1042 3075 1168 3160 exorto'‚

234 3274 249 3322 8
269 3263 366 3321 Bamb.
385 3263 414 3317 et
432 3261 526 3314 Rern:
550 3264 632 3317 natus
652 3263 733 3318 Serta
817 3271 849 3318 17
869 3265 963 3319 Beru:
987 3265 1022 3320 de
1041 3267 1167 3322 wnonieo

162 3339 320 3395 orationum
337 3333 420 3390 modo
438 3334 523 3400 atque
537 3331 722 3400 psalmorum,
737 3332 804 3400 qui.
819 3375 842 3389 ..
857 3337 969 3389 tenetur
