2568 3816
504 159 547 170 -
594 123 727 188 44η,

502 269 587 362 Cop.
615 266 736 340 LXV.

197 405 400 494 Theodorus,
428 407 484 492 qui
511 409 628 491 postea
654 403 831 494 Gregorius
859 405 1042 492 appellatus
1071 412 1131 492 est,

110 495 353 564 Neocaesarcas
367 496 548 582 episcopus,
567 493 739 562 admodum
755 495 949 579 adulescens,
965 497 1007 562 ob
1023 495 1130 563 studia

150 606 299 654 aerarum
335 588 369 652 et
409 583 586 650 latinarum
625 583 811 650 litterarum
847 583 886 650 de
923 581 1132 670 Cappadocia

57 679 73 728 ὅ
139 677 267 758 erytum
286 676 319 740 et
336 673 412 742 inde
432 669 624 740 Caesaream
642 670 846 740 Palaestinae
864 673 997 740 tramiit
1018 673 1131 740 iuncto

109 763 175 828 sibi
187 763 289 830 fratre
302 761 526 832 Athenodoro.
562 759 707 838 Quorum
721 781 795 828 oum
809 762 976 850 egregiam
989 762 1132 828 indolem

107 851 245 919 vidisset
263 849 429 938 Origenes,
453 850 642 918 cohortatus
667 853 717 916 est
739 871 795 916 eos
819 849 861 916 ad
879 850 1131 936 philosophiam,

108 939 143 1006 in
162 961 226 1024 qua
248 939 407 1022 paulatim
424 937 520 1004 fidem
539 936 661 1006 Christi
684 937 954 1017 subintroducens
977 941 1028 1006 sui
1051 960 1130 1026 quo·

110 1049 171 1112 que
200 1029 375 1094 sectatores
406 1027 556 1094 reddidit.
607 1025 837 1114 Quinquennis
869 1028 980 1113 itaque
1012 1025 1131 1094 er'uditi

57 1123 90 1171 10
110 1116 151 1180 ab
175 1137 214 1180 eo
243 1116 453 1180 remittuntur
481 1116 522 1181 ad
549 1119 696 1181 matrem.
741 1113 769 1180 E
801 1117 917 1202 quibus
942 1115 1131 1182 Theodorus

108 1203 317 1288 proficiscens
339 1205 573 1290 panegyricum
595 1200 805 1289 εὐχαριστίας
832 1205 964 1290 scripsit
987 1204 1132 1291 Origeni

109 1295 143 1358 at
165 1296 344 1358 convocata
366 1291 481 1379 grandi
503 1293 687 1378 frequentia
709 1293 782 1377 ipso
807 1315 935 1379 quoque
958 1297 1131 1378 praesente

109 1379 249 1470 Origene
276 1381 440 1464 recitavit3
472 1382 529 1467 qai
560 1403 662 1466 usque
693 1380 790 1446 hodie
827 1385 942 1448 exstat
993 1379 1133 1467 Scripsit

110 1473 143 1534 et
173 1465 385 1556 μετάφρασιν
416 1471 452 1534 in
478 1469 700 1536 Ecclesiasten
732 1471 863 1536 brevem
900 1470 1043 1556 quidem,
1075 1470 1133 1536 sed

57 1564 89 1614 15
108 1557 203 1623 valde
230 1559 356 1634 utilem;
391 1562 425 1622 et
452 1559 535 1623 aliae
562 1559 661 1644 vulgo
689 1558 758 1623 eius
785 1559 935 1624 feruntur
964 1559 1132 1644 epistulae,

109 1650 143 1712 et
160 1647 333 1732 praecipue
352 1647 448 1731 signa
466 1650 564 1731 atque
582 1647 748 1732 miracula,
771 1669 854 1732 quae
873 1647 940 1712 iam
959 1648 1131 1734 episcopus

110 1756 183 1801 oum
205 1735 310 1798 multa
332 1734 541 1799 ecclesiarum
565 1735 668 1822 gloria
691 1737 901 1822 perpetravit.

493 1915 576 2010 Cep.
604 1914 748 1988 LXVI.

201 2049 382 2140 Cornelius,
394 2053 562 2120 Romanae
580 2055 670 2120 urbis
684 2055 863 2139 episcopus,
882 2053 1039 2139 adquam
1058 2057 1132 2120 octo

57 2157 91 2206 20
111 2138 271 2226 Cypriani
299 2147 429 2210 exstant
461 2143 633 2227 epistulae,
666 2143 798 2228 scripsit
824 2143 866 2207 ad
888 2141 1036 2226 Fabium,
1063 2142 1133 2207 An-

111 2230 282 2296 tiochense
306 2232 460 2298 ecclesiae
482 2232 685 2316 episcopum,
708 2231 747 2296 de
771 2231 897 2316 synodo
920 2230 1070 2296 Romana
1100 2234 1135 2295 et

111 2317 227 2385 Italica
250 2325 283 2385 et
305 2321 475 2403 Africana,
499 2323 532 2384 et
553 2321 652 2385 aliam
676 2321 714 2385 de
736 2319 936 2404 Novatiano‚
963 2321 996 2384 et
1019 2320 1058 2385 de
1080 2319 1134 2384 his

112 2407 169 2490 qui
191 2407 276 2491 lapsi
300 2412 391 2493 sunt3
420 2409 553 2473 tertiam
576 2409 615 2474 de
638 2409 740 2494 gestis
763 2408 891 2494 synodi,
919 2411 1068 2494 quartam
1091 2407 1134 2474 ad

113 2495 249 2560 eundern
283 2495 421 2562 Fabium
449 2497 541 2562 valde
571 2495 730 2581 prolixam
759 2498 932 2582 epistulam
966 2501 998 2562 et
1026 2495 1134 2562 Nova·
1275 2529 1276 2532 ¹

59 2600 93 2648 25
114 2583 223 2649 tianae
237 2583 388 2650 hereseos
403 2607 518 2650 causas
533 2587 565 2652 et
583 2586 758 2651 anathema
776 2587 1004 2651 continentem.
1036 2583 1135 2650 Rexit

111 2673 279 2738 ecclesiam
307 2674 367 2739 sub
391 2671 486 2739 Gallo
514 2677 547 2738 et
575 2673 758 2740 Volusiano
786 2675 880 2739 annis
909 2669 1050 2758 duobus,
1081 2673 1134 2738 cui

111 2761 153 2826 ob
177 2759 300 2828 Christi
322 2763 516 2848 martyrium
539 2767 695 2830 coronato
719 2763 875 2830 successit
898 2761 1025 2830 Lucius.

486 2943 568 3034 cap.
595 2943 763 3016 xxm

200 3077 383 3164 Cyprianus
398 3079 478 3145 Afer
491 3081 632 3165 primum
647 3082 788 3167 gloriose
806 3081 1004 3148 rhetoricam
1023 3081 1136 3149 docuit

57 3186 91 3234 30
112 3171 145 3232 et
167 3167 290 3252 exinde,
314 3167 469 3234 suadente
490 3169 680 3253 presbytero
701 3167 851 3256 Caecilio,
875 3193 894 3236 a
917 3192 981 3256 quo
1005 3173 1038 3234 et
1056 3187 1134 3254 cog·

185 3313 218 3362 ιο
237 3307 288 3363 ar:
312 3306 362 3362 aaa
434 3311 469 3361 πο
486 3305 566 3364 usca
584 3307 754 3377 naamam,
773 3307 886 3364 samaa
905 3285 1073 3364 numum

112 3382 147 3431 26
166 3375 265 3432 Bamb.
285 3379 315 3432 et
331 3375 472 3432 Norimb.:
491 3378 572 3434 annis
591 3377 644 3432 XII
