2522 3802
491 95 712 160 ..93-

89 235 241 302 omnium
268 235 337 300 eius
365 236 593 320 opusculorum
625 239 675 300 est
706 233 791 300 liber
818 234 869 301 ‘dc
896 235 1108 320 paenitentia'

90 328 126 390 et
153 322 210 388 ‘de
241 323 335 388 laude
368 324 511 409 generali
545 325 690 390 omnium
722 323 928 409 martyrum'.
984 322 1110 390 Olanrit

89 411 295 496 temporibus
318 410 456 478 Honorii
479 416 513 477 et
534 411 759 478 Valentiniani
781 433 848 478 non
871 412 977 478 solum
1000 412 1109 479 obser-

93 501 223 566 vatione
247 503 281 564 et
304 499 477 566 sanctitate
499 500 599 585 vitae,
623 499 679 566 sed
702 500 801 565 etiam
823 501 972 585 potentia
995 501 1108 566 adver-

92 609 167 654 sum
190 587 373 654 daemones.
1127 602 1144 651 o

528 680 611 771 Oop.
639 679 681 751 L.

183 815 364 902 Eutropius
387 817 560 901 presbyter
583 817 712 902 scripsit
731 815 869 882 adduas
891 835 1028 900 sorores,
1052 838 1107 882 an·

94 906 186 972 cillas
210 903 346 989 Christi,
369 927 452 991 quae
475 906 517 971 ob
541 906 745 972 devotionem
767 905 942 990 pudicitiae
965 909 999 970 et
1021 926 1108 970 amo·

94 1017 164 1060 rem
186 993 354 1079 religionis
378 993 591 1060 exheredatae
615 997 692 1059 sunt
715 994 960 1078 aparentibus,
990 993 1111 1076 epistu-

94 1083 144 1148 las
178 1081 214 1146 in
245 1081 378 1147 modum
410 1081 595 1146 libellorum
627 1082 863 1147 consolatorias
897 1081 1038 1166 eleganti
1077 1084 1164 1146 et10

95 1173 208 1254 aperto
232 1191 382 1236 sermone
410 1169 503 1252 duas,
528 1190 597 1234 non
626 1169 730 1234 solum
758 1170 899 1252 ratione,
926 1169 983 1233 sed
1010 1169 1110 1234 etiam

94 1259 293 1324 testimoniis
317 1259 549 1343 seripturarum
572 1257 725 1324 munitas.

518 1419 601 1510 Gap.
629 1418 694 1488 LI.

185 1557 348 1642 Euagrius
373 1557 456 1622 alius
480 1557 611 1641 scripsit
634 1554 876 1620 altercationem
896 1552 1038 1620 Simonis
1058 1553 1110 1619 Iu·

95 1645 175 1799 ἓξὲξ
197 1648 248 1798 eestt
269 1645 444 1730 Theophili
476 1643 666 1729 Christiani,
703 1665 784 1728 quae
818 1664 920 1727 paene
960 1642 1164 1722 omnibus15

506 1826 588 1916 Cap.
616 1824 704 1896 LII.

188 1959 330 2048 vigilius
345 1961 509 2027 Diaconus
528 1961 712 2045 composuit
730 1981 769 2024 ex
786 1960 964 2026 traditione
982 1963 1111 2044 patrum

97 2049 343 2116 ‘monachorum
366 2048 535 2135 regulam',
558 2050 695 2134 quaein
718 2048 851 2114 cenobio
871 2047 913 2112 ad
931 2047 1111 2130 profectum

95 2139 239 2206 fratrum
265 2139 301 2202 in
329 2142 492 2204 conventu
519 2138 647 2223 legitur,
674 2136 820 2201 breviato
848 2139 882 2200 et
909 2139 1022 2220 aperto
1047 2155 1111 2198 ser·
1132 2148 1166 2196 20

98 2249 195 2293 mone
225 2228 325 2292 totius
355 2227 554 2292 monasticae
583 2224 795 2310 professionis
825 2225 860 2288 in
887 2245 921 2288 se
948 2225 1113 2288 tenentem

96 2315 313 2400 disciplinam.

498 2406 581 2496 Gap.
609 2404 721 2477 LIII.

188 2543 327 2622 Atticus,
356 2541 739 2626 Constantinopolitanae
763 2543 943 2626 episcopus,
968 2539 1115 2622 ‘scripsit

99 2633 140 2698 ad
169 2632 300 2716 reginas
332 2631 464 2696 Arcadii
492 2632 697 2716 imperatoris
725 2631 808 2695 filias
832 2630 882 2694 ‘de
906 2629 969 2692 fide
996 2631 1029 2691 et
1051 2626 1114 2689 vir-
1133 2639 1167 2687 25

99 2718 250 2808 ginitate'
279 2720 397 2784 librum
427 2719 521 2784 valde
549 2720 729 2805 egregium,
757 2719 791 2783 in
814 2738 878 2802 quo
901 2713 1114 2799 praeveniens

97 2807 330 2874 Nestorianum
353 2808 472 2893 dogma
494 2807 674 2894 impugnat.

504 2969 585 3061 Cap.
614 2967 718 3042 LIV.

190 3105 363 3173 Nestorius
385 3107 615 3192 heresiarches,
638 3130 711 3174 oum
734 3108 770 3178 in
787 3102 993 3171 Antiocheno
1017 3100 1116 3167 eccle·

101 3195 150 3261 sia
173 3196 345 3281 presbyter
366 3195 506 3282 insignis
531 3220 570 3262 ex
592 3202 740 3282 tempore
759 3196 958 3262 declamator
981 3192 1115 3260 habere·
1134 3202 1170 3252 ³0

99 3335 216 3391 tationis
235 3336 372 3390 maemtus
454 3341 489 3389 29
509 3337 622 3391 Bamb.:
641 3336 745 3393 Nestor
