2512 3794
489 113 712 178 „33-

87 261 235 340 tempus,
263 275 327 339 quo
355 256 388 318 et
414 253 485 339 ipss
512 252 636 319 scribam
661 252 795 338 librum,
827 275 866 319 ex
894 275 958 340 quo
988 255 1113 322 heresis

89 343 175 412 Cata
174 341 377 429 phrygarum
404 341 555 408 habuerit
583 337 760 408 exordium
810 341 1029 410 Tertullianus
1057 365 1114 410 ser

89 430 313 500 voluminrtus
332 429 487 497 adversus
508 429 677 496 ecclesiam
696 429 801 516 editis,
845 449 906 497 uae
925 431 1056 516 scripsit
1073 431 1113 498 de

88 515 256 599 ἐκστάσει,
282 518 457 604 septimum
476 518 607 621 proprie
625 519 797 584 adversum
791 449 1028 604 lipollonium
1046 521 1111 586 ela

90 609 238 692 borarit,
260 608 296 673 in
319 627 386 692 quo
399 607 519 691 omnia,
536 627 621 694 quae
639 605 694 672 ille
713 607 830 694 arguit,
849 611 985 674 conatur
1003 609 1112 675 defen·
1148 628 1166 678 u

88 698 176 766 dere.
215 659 345 768 i'loruit
372 699 482 762 autem
505 695 701 781 Apollonius
729 695 791 762 sub
813 694 992 763 Commodo
1017 695 1111 763 Sere·

88 808 193 872 reque
215 784 429 870 principibus

495 945 578 1040 cap.
605 947 710 1020 ιιι,

181 1083 355 1171 Serapion,
386 1085 557 1152 undecimo
585 1083 756 1152 Commodi
787 1083 992 1170 imperatoris
1025 1107 1110 1155 anno

88 1174 286 1242 Antiochiae
313 1173 483 1258 episcopus
506 1173 686 1258 ordinatus,
708 1173 841 1258 scripsit
865 1175 1039 1258 epistulam
1069 1175 1111 1241 ad
1131 1193 1164 1242 10

87 1263 240 1332 Cariam
273 1266 307 1328 et
334 1263 488 1328 Pontium
516 1262 555 1327 de
587 1262 694 1328 haesi
721 1261 888 1346 Montani,
915 1263 951 1328 in
979 1285 1044 1347 qua
1077 1270 1110 1330 et

88 1355 152 1420 hoc
176 1351 315 1418 addidit:
339 1350 388 1417 ‘ut
406 1354 514 1416 autem
537 1351 649 1417 sciatis
668 1350 744 1416 falsi
766 1351 863 1416 huius
882 1349 1056 1436 dogmatis,
1077 1351 1110 1416 id

89 1447 150 1526 est,
177 1461 282 1507 novae
301 1439 490 1526 prophetiae
509 1439 552 1506 ab
570 1439 662 1505 omni
680 1439 800 1506 mundo
818 1439 982 1504 insaniam
999 1460 1110 1523 repro-

88 1530 171 1614 bari,
193 1529 269 1594 misi
288 1529 381 1594 vobis
399 1527 600 1614 Apollinaris
624 1527 815 1612 beatissimi,
838 1527 894 1613 qui
914 1527 978 1592 fuit
994 1526 1108 1594 Hiera·

87 1619 157 1704 poli
181 1617 280 1683 Asiae
303 1638 320 1682 e
321 1617 487 1702 piscopos,
515 1615 665 1682 litteras'.
710 1615 762 1682 Ad
785 1579 950 1683 Iionrnum
972 1637 1109 1703 quoque,
1129 1633 1161 1683 ιι

86 1709 143 1794 qui
176 1706 412 1793 persecutionis
448 1708 596 1790 tempora
633 1704 674 1770 ad
704 1704 842 1771 Iudaeos
882 1704 1109 1791 declinaverat,

88 1797 242 1862 volumen
265 1794 459 1880 composuit3
483 1797 517 1859 et
539 1793 639 1858 alium
663 1793 703 1858 de
725 1793 908 1881 evangelio,
939 1794 1024 1878 quod
1047 1795 1108 1861 sub

86 1885 222 1951 nomine
252 1882 343 1949 Petri
369 1883 486 1968 fertur,
517 1881 636 1948 librum
669 1882 710 1948 ad
741 1881 943 1949 Rhosensem
976 1881 1107 1950 Ciliciae

86 1973 272 2053 ecclesiam,
304 1993 387 2057 quae
418 1971 453 2036 in
483 1971 622 2036 heresim
652 1972 720 2036 eius
752 1972 891 2038 lectione
923 1971 1107 2038 diverteret

87 2062 259 2170 Leguntnr
291 2065 324 2125 et
351 2059 491 2145 sparsim
523 2059 637 2124 breves
666 2060 735 2124 eius
761 2061 933 2144 epistulas,
964 2061 1106 2126 auctoris
1125 2078 1160 2128 ιο

84 2151 134 2217 sui
158 2145 299 2236 ἀσκήσει
322 2153 356 2215 et
378 2150 464 2214 vitae
488 2153 713 2234 congruentes.

476 2363 559 2456 Cap.
590 2361 717 2436 XLII.

174 2502 380 2589 Apollonius,
399 2499 568 2568 Romanae
586 2503 676 2568 urbis
695 2506 836 2589 senator,
850 2504 911 2570 sub
924 2501 1104 2571 Commodo

82 2593 230 2678 principe
258 2613 395 2658 acervo
417 2591 564 2677 proditus
587 2591 673 2677 quod
697 2589 900 2658 Christianus
924 2597 1024 2676 esset,
1045 2593 1103 2657 im-

82 2685 212 2767 petrato
232 2685 269 2747 ut
282 2680 445 2747 rationem
458 2679 532 2746 fidei
546 2703 623 2746 suae
637 2679 820 2766 redderet,
811 2682 939 2767 moigne
952 2681 1104 2746 volumen
1123 2695 1158 2745 ac

82 2771 277 2876 composuit,
301 2769 419 2855 quod
409 2789 444 2834 ιιι
464 2773 556 2835 senat
556 2791 577 2834 u
600 2769 1004 2872 legit;etnih1‘lominus
1029 2787 1102 2833 sen-

82 2859 187 2926 tentia
207 2861 339 2924 senatus
356 2879 416 2944 pro
433 2855 564 2925 Christo
578 2859 684 2943 capite
697 2861 876 2944 maneatur,
894 2857 995 2922 veteri
1015 2856 1102 2942 apud

82 2970 138 3014 eos
176 2947 346 3014 obtinente
382 2947 468 3034 lege,
509 2947 630 3030 absque
665 2946 842 3032 negatione
877 2965 945 3013 non
981 2945 1103 3014 dimitti

82 3035 303 3121 suessanus,
336 3037 390 3120 qui
419 3037 518 3102 semel
550 3036 591 3102 nd
620 3055 731 3102 eorum
758 3034 913 3102 iudicium
945 3037 1102 3122 pertracti

80 3129 198 3192 esseni.
1120 3157 1156 3208 30

156 3307 169 3354 1
190 3297 303 3356 Banu:
322 3299 463 3356 scribebat
545 3305 577 3354 11
593 3301 658 3355 Vat
676 3299 774 3356 Bamb.
794 3301 824 3354 et
840 3299 935 3356 Rern:
954 3297 1100 3364 Carinum

81 3369 161 3428 vat:
180 3371 287 3426 hosis
360 3375 393 3425 18
412 3371 490 3427 Vat:
509 3369 648 3426 Rhomeni
720 3375 755 3424 ιι
773 3367 886 3424 Baraba
904 3369 1042 3437 imperato

135 3468 252 3520 Ηιιᾱιιιε,
265 3469 426 3520 maneamus.
869 3461 885 3510 8
