2522 3802
518 60 560 72 ..
608 25 651 90 83
687 15 740 72 ’-

513 125 596 259 aaa
627 165 752 238 xxa

215 303 398 387 sabbatius,
412 303 599 370 Gallicanae
612 303 798 388 provinciae
813 303 992 387 episcopus,
1006 307 1141 388 rogatus

121 416 143 458 a
166 393 308 478 quadam
331 397 422 458 casta
445 395 478 458 et
500 390 631 459 (lhristo
654 391 803 456 dedicata
825 390 965 475 virgine,
995 389 1143 457 Secunda

121 483 264 563 nomine,
283 481 467 564 composuit
479 481 599 545 librum
620 479 671 544 ‘de
684 477 759 544 fide’
779 479 931 543 adversus
945 478 1142 544 Marcionem

122 573 157 634 et
179 567 402 652 Valentinum,
424 568 493 634 eius
518 573 691 652 auctorem,
714 571 747 632 et
770 567 924 632 adversus
946 565 1178 632 Eunomiume

121 661 156 724 et
187 657 256 722 aius
285 657 478 742 magistrum
505 656 649 740 Assum,
682 657 855 722 ostendens
887 659 921 719 et
950 654 1076 719 ratione
1109 659 1142 720 et

122 745 320 812 testimoniis
335 745 578 830 scripturarum,
591 765 692 810 unum
707 765 779 809 essa
795 743 926 808 deitatis
940 741 1143 827 principium,

122 855 225 898 unum
253 855 323 898 esse
346 833 452 900 Deum
480 833 682 898 aeternitatis
712 836 876 898 auctorem
904 835 937 896 et
963 831 1077 896 mundi
1104 852 1143 896 ex

122 921 227 986 nihilo
251 921 465 1004 conditorem,
488 921 648 1004 simulque
671 924 705 984 et
727 919 766 986 de
790 917 935 1004 Christo,
966 918 1052 1005 quod
1074 942 1142 986 non

123 1010 157 1074 in
189 1009 364 1093 phantasia
395 1009 494 1074 homo
527 1009 726 1093 apparuerit,
764 1008 821 1073 sed
852 1029 962 1072 veram
992 1008 1143 1074 hahuerit
1162 1031 1195 1081 ιο

123 1095 1142 1182 carnem‚perquammanducandobibendo,lassandoplorando‚

123 1185 278 1270 patiendo
293 1185 470 1267 moriendo,
483 1183 680 1268 resurgendo
694 1205 790 1248 verus
803 1183 959 1268 probatus
973 1184 1017 1248 sit
1034 1183 1142 1249 homo.

124 1273 185 1338 His
214 1273 300 1337 enim
328 1272 499 1338 sententiis
525 1270 674 1336 Marcion
703 1275 736 1335 et
762 1269 955 1335 Valentinus
986 1271 1142 1335 contrarii

125 1360 318 1428 exstiterant
331 1364 512 1426 asserentes
526 1359 589 1425 duo
604 1359 733 1424 deitatis
752 1359 912 1444 principia
929 1361 962 1421 et
975 1356 1142 1422 Christum

124 1449 251 1513 venisse
278 1449 314 1512 in
341 1449 524 1532 phantasia.
570 1447 664 1512 Aetio
688 1468 765 1512 vero
792 1451 826 1511 et
848 1445 1025 1529 Eunomia,
1048 1445 1142 1511 disci·
1161 1468 1195 1519 15

123 1538 201 1622 pulo
224 1536 303 1620 aius,
321 1537 466 1602 ostendit
482 1535 614 1600 Patrem
633 1539 667 1600 st
684 1533 803 1600 Filium
825 1555 892 1600 non
913 1534 1048 1599 duarum
1071 1555 1141 1599 essa

122 1629 313 1689 naturarum
341 1629 374 1688 et
397 1623 567 1689 divinitate
589 1623 756 1707 parilium,
785 1622 960 1689 sedonius
984 1622 1142 1688 essentiae

124 1715 157 1776 et
181 1713 319 1777 alterum
342 1733 382 1776 ex
405 1713 519 1793 altero,
541 1711 652 1796 idest,
675 1733 713 1776 ex
736 1715 830 1796 patre
851 1710 981 1794 Filium,
1003 1712 1142 1777 alterum

124 1801 219 1864 alteri
243 1803 450 1866 coaeternum
456 1851 466 1884 ‚
489 1799 541 1864 oui
564 1799 747 1864 credulitati
769 1799 885 1864 aetus
909 1803 942 1864 et
958 1799 1141 1866 Eunomius

124 1891 240 1954 contra
263 1889 383 1955 dicunt.
1158 1909 1193 1959 ao

504 1997 586 2088 Cap.
618 1994 766 2068 XXVI.

216 2133 310 2200 Isaac
338 2133 468 2216 scripsit
496 2131 547 2197 ‘de
576 2138 688 2200 sancta
711 2131 884 2198 Trinitate’
907 2136 941 2198 et
963 2131 1014 2197 ‘de
1037 2134 1141 2198 incar-

124 2221 258 2288 natione
271 2219 418 2288 Domini’
439 2220 686 2286 obscurissimae
705 2221 936 2306 disputationis
955 2225 988 2286 et
1005 2222 1142 2288 involuti

127 2310 288 2376 sermonis
312 2309 507 2375 confirmans
530 2309 577 2373 ita
599 2311 634 2374 in
656 2331 723 2374 una
746 2309 864 2375 deitate
887 2312 954 2374 tres
978 2331 1048 2376 essa
1070 2333 1140 2395 per-

125 2420 238 2480 sonas,
259 2401 298 2462 ut
316 2401 427 2462 tamen
445 2397 490 2462 sit
510 2395 631 2484 aliquid
650 2398 685 2462 in
703 2399 841 2484 singulis
860 2397 1037 2484 proprium,
1056 2398 1141 2484 quod
1160 2419 1194 2470 os

123 2505 192 2551 non
216 2486 317 2550 habet
338 2486 420 2568 alia,
442 2484 574 2552 Patrem
597 2485 720 2552 scilicet
737 2487 800 2553 hoo
822 2487 942 2553 habere
965 2490 1141 2572 proprium,

124 2573 210 2659 quod
233 2574 303 2658 ipse
331 2575 402 2638 sine
426 2574 552 2660 origine
580 2576 672 2660 origo
696 2577 739 2640 sit
761 2577 912 2661 aliorum;
938 2573 1056 2640 Filium
1079 2575 1141 2642 hoc

122 2661 243 2727 habere
252 2663 429 2746 proprium,
443 2663 529 2746 quod
538 2665 667 2748 genitus
682 2664 827 2750 genitore
838 2663 959 2728 nonsit
972 2663 1141 2746 posterior.

123 2747 280 2835 Spiritum
317 2753 465 2816 sanctum
494 2750 556 2816 hoc
592 2751 710 2817 habere
746 2751 927 2836 proprium,
964 2751 1050 2835 quod
1080 2772 1141 2817 nec

122 2836 230 2904 factus
248 2859 308 2904 nec
327 2839 455 2924 genitus
475 2842 508 2903 et
530 2843 641 2904 tamen
659 2839 702 2904 sit
720 2861 759 2904 ex
773 2839 885 2904 altero.
922 2837 972 2904 De
994 2839 1140 2906 incama·
1158 2862 1194 2912 ao

125 3045 132 3059 ο
196 2983 212 3034 8
237 2976 315 3034 Vat:
342 2977 575 3060 ipsumque-esse
605 2977 635 3032 et
659 2993 740 3060 epae·
753 2976 929 3034 aeternitatis
948 3020 954 3033 .
975 3023 981 3036 .
1001 3021 1008 3036 .
1028 2979 1139 3034 Bana:

123 3064 273 3118 ipsumque
287 3065 347 3104 asse
362 3051 392 3104 et
409 3049 567 3132 deitatrset
581 3049 756 3104 aeternitatis
817 3091 823 3105 .
896 3056 930 3105 12
944 3050 1082 3106 Norimb.:
1097 3051 1141 3104 est

124 3119 865 3274 :clarmeermannianam:
880 3235 887 3248 .
901 3119 1140 3262 stiland:

124 3265 159 3315 24
179 3261 242 3318 ‘rte’
263 3261 343 3317 deest
358 3279 390 3316 ιιι
406 3261 472 3317 Vsa

889 3349 926 3404 6*
