2522 3802
530 97 749 162 ..40-

128 242 258 308 constet
289 260 363 308 euru
390 259 493 324 usque
521 237 563 306 sd
592 241 771 308 extremam
799 235 901 304 vitam
928 233 1162 307 Christianum

128 347 363 412 perseverasse.

548 437 630 528 Ocp.
658 387 763 508 LVI.

221 575 425 655 Ambrosius,
446 575 588 660 primum
605 573 826 658 Marcionites,
848 573 924 643 dein
947 575 990 640 ab
1013 572 1162 660 Origene

78 689 96 738 r
134 669 308 750 correctus,
326 663 479 732 ecclesiae
497 663 662 747 diaconus,
685 667 719 728 et
736 663 952 730 confessionis
971 661 1161 730 dominicae

133 753 241 842 gloria
266 753 405 839 insignia
431 751 504 821 fuit
553 748 615 818 Cui
642 773 716 823 eum
742 749 930 820 Protcototo
960 751 1158 836 presbytero

129 843 213 910 liber
235 840 384 926 Origcuis
412 839 451 904 dc
481 840 639 924 martyrio
664 840 832 923 scribitur,
860 839 957 909 huius
979 838 1158 924 industria,

131 932 273 1082 snilnptu,
296 928 516 1014 instantiaque
534 929 666 996 adiutus
689 929 818 996 infinita
836 926 994 1014 Origenes
1018 927 1159 994 dictavit

129 1039 172 1083 uo
185 1037 305 1084 ummo.

77 1130 112 1180 10
220 1103 284 1172 Sed
308 1107 341 1172 et
357 1105 437 1190 ipse,
460 1105 579 1192 quippe
597 1109 636 1172 ut
652 1105 702 1172 vir
716 1106 849 1190 nobilis,
869 1127 937 1172 non
955 1104 1156 1190 inelegantis

130 1193 254 1280 ingenii
275 1193 353 1277 luit,
379 1193 465 1264 sicut
492 1195 561 1262 eiua
584 1193 627 1262 ad
650 1192 825 1281 Origencm
848 1194 1007 1280 epistulae
1029 1192 1156 1260 iudicio

132 1287 217 1350 sunt
262 1279 353 1350 Obiit
379 1285 489 1354 autem
516 1289 593 1352 aute
620 1287 758 1350 mortem
782 1281 946 1368 Origenis,
975 1282 1068 1348 etin
1091 1281 1158 1348 hoc

132 1394 152 1442 a
178 1371 340 1459 plerisque
369 1371 628 1459 reprehenditur,
661 1371 763 1458 quod,
789 1371 841 1438 uir
866 1371 1025 1456 locuples,
1055 1371 1157 1438 amici

132 1461 220 1528 acuis
243 1465 277 1526 et
299 1462 453 1548 pauperia
480 1461 623 1531 moriens
645 1461 833 1528 recordatus
855 1481 923 1526 non
946 1461 998 1526 ait.

80 1669 115 1718 15
525 1641 607 1732 Cup.
635 1641 763 1714 LVII.

221 1776 392 1862 Tryphon,
424 1775 576 1864 origenis
604 1777 748 1858 auditor,
779 1779 820 1844 ad
848 1801 943 1864 quern
975 1777 1157 1846 nonnullae

132 1865 202 1930 eius
226 1867 366 1954 exstant,
378 1865 545 1952 epistulae,
567 1865 603 1930 in
627 1866 796 1950 scripturis
820 1867 1057 1933 eruditissimus
1079 1866 1155 1932 fuit.

132 1951 225 2030 Quod
249 1953 378 2040 quidem
402 1955 435 2019 et
461 1953 566 2019 multa
596 1953 665 2020 eius
689 1956 829 2040 sparsim
852 1956 1030 2022 ostendunt
1058 1977 1156 2040 opus·

132 2043 219 2126 cula,
247 2041 302 2108 sed
325 2043 499 2127 praecipue
526 2043 610 2109 liber
641 2063 737 2130 quem
765 2045 1017 2132 composuit-dc
1040 2043 1156 2110 ‘uacca

77 2155 113 2204 20
131 2131 215 2195 rufa'
239 2132 274 2196 in
298 2131 542 2198 deuteronomio
565 2131 660 2199 etde
684 2131 1048 2218 ‘dichotomematibur’,
1071 2153 1156 2216 quae

132 2240 205 2284 cum
220 2219 371 2285 columba
383 2224 416 2286 et
429 2224 555 2286 turture
571 2221 612 2286 ab
618 2221 783 2288 Abraham
800 2226 968 2308 ponuntur
980 2223 1016 2286 in
1026 2219 1156 2285 Genesi.

515 2419 598 2511 Cap.
626 2418 777 2492 LVIII.

220 2553 382 2622 Minucius
398 2555 499 2642 Felix,
512 2555 636 2623 Itomae
654 2557 795 2642 insignis
814 2555 1005 2642 causidicus,
1020 2557 1154 2642 scripsit

132 2645 298 2732 dialogum
312 2643 492 2712 Christiani
510 2649 544 2710 et
562 2645 685 2711 ethnici
703 2644 910 2730 disputantis,
929 2645 984 2734 qui
999 2644 1155 2711 Octavius

77 2759 113 2808 oo
133 2735 330 2802 inscribitur.
378 2733 440 2801 Sed
463 2737 497 2800 et
519 2733 602 2800 alius
631 2734 692 2800 snb
719 2733 851 2800 nomine
874 2734 943 2800 eins
971 2733 1075 2800 fertur
1099 2733 1155 2800 ‘de

90 2827 92 2830 ’
131 2823 215 2890 fato'
238 2823 290 2890 vel
314 2823 439 2892 ‘contra
466 2821 735 2903 mathematicos',
762 2824 832 2910 qui,
860 2845 933 2892 cum
962 2823 1005 2890 sit
1028 2823 1154 2908 etipse

205 3003 221 3052 6
240 2998 352 3054 Bonita
373 2997 497 3056 cuicum
511 2997 659 3055 Theotisto
676 2999 841 3070 presbytero
860 2997 954 3054 liber.
971 3041 977 3054 .
994 3040 999 3052 .
1015 2995 1153 3053 scribitur.

132 3069 222 3126 Huius
244 3069 385 3126 industria
403 3071 434 3126 et
456 3071 569 3152 sumptu
588 3074 618 3126 et
634 3069 771 3126 instantia
794 3073 825 3125 et
853 3070 946 3124 adhuc
968 3069 1080 3124 infinita

132 3139 211 3197 Vnt:
220 3157 287 3198 nam
301 3157 366 3198 curn
380 3139 572 3198 *Theoctrrto
586 3141 751 3210 presbytero
760 3139 834 3195 liber
848 3139 978 3210 origenis
993 3181 1035 3195 ...
1051 3139 1153 3194 scribe-

132 3213 224 3281 retur,
240 3210 325 3268 huius
341 3212 483 3268 industria
502 3253 508 3267 .
524 3253 530 3266 .
546 3252 553 3266 .
571 3210 728 3279 perlectum
747 3211 790 3264 est
808 3209 891 3264 etad
909 3209 984 3264 huuc
1003 3249 1054 3264 ...

134 3289 169 3338 11
187 3282 299 3342 Banna
316 3299 373 3340 non
387 3283 431 3338 eet
538 3286 572 3336 16
586 3279 664 3335 Vota
683 3279 797 3334 adiutor
909 3277 1099 3334 21Norimb.=
1118 3280 1154 3335 ab

132 3355 297 3424 Abrahamo
