2512 3794
469 153 511 166 ..
559 119 601 184 37
649 155 691 166 ..

70 259 155 364 guod
174 258 333 346 oppidum
351 258 469 326 ltaliae
487 264 546 346 est,
568 279 688 344 mnam,
706 261 762 344 qui
780 281 815 325 se
832 231 1093 347 beatiprriani

71 371 133 416 uun
153 348 293 435 grandis
310 349 428 414 atahe
440 349 615 434 rotumum,
633 369 707 414 eum
723 349 794 434 ipse
813 349 987 416 admodum
1006 354 1093 416 esset

70 436 404 522 adulesceuultomae
413 437 534 503 vidisse
542 435 866 504 diaeretrsferentem
876 439 947 524 sibi,
959 439 1093 506 solitum

71 547 252 612 numquam
269 523 470 614 cyprianum
488 526 611 612 absque
625 525 819 592 Tertulliani
836 527 975 592 lectione
993 549 1093 594 unam

72 616 157 682 diem
174 615 370 702 praeterisse
387 635 426 681 ao
448 615 511 681 suhi
528 613 641 680 erebro
660 613 779 680 dioere:
801 614 854 680 ‘da
871 613 1093 700 magistrum’l
1130 630 1146 679 o

75 704 313 770 Tertullianum
321 703 472 772 videlieet
485 703 681 792 significans.
703 701 768 768 Hie
781 724 884 790 usque
898 703 940 768 ad
953 703 1094 770 mediam

75 797 217 860 aetatem
235 791 407 878 presbyter
424 792 489 858 fuit
505 792 669 877 secludas,
690 791 814 857 invidia
830 795 945 877 postea
967 796 1001 857 et
1018 811 1093 858 eou-

73 881 216 948 tumeliis
253 881 444 948 elerieorum
480 879 648 948 Romam
681 881 835 948 eeclesias
871 880 912 946 ad
943 879 1094 948 Montani

67 972 197 1057 ‘dogma
215 969 368 1054 delapsus
390 969 426 1034 in
443 969 557 1035 mullis
579 969 673 1034 libris
690 990 796 1036 norae
818 969 1008 1056 prophetias
1030 991 1095 1036 me-

73 1061 176 1126 minit
231 1056 424 1143 specialiter
459 1061 568 1126 autem
604 1057 758 1124 adversus
791 1059 959 1126 ecelesiam
990 1060 1094 1125 texuit
1114 1072 1147 1123 10

76 1147 243 1216 volumina
261 1146 300 1212 de
317 1147 488 1233 pudicitia,
512 1146 551 1212 ds
569 1146 811 1231 perseeutione,
832 1148 872 1212 de
890 1147 1034 1232 ieiuniis,
1056 1147 1096 1212 de

77 1236 299 1323 monogamia,
322 1235 362 1301 de
385 1236 504 1302 ecstasi
529 1235 632 1300 libros
656 1257 712 1301 sex
734 1239 768 1300 et
790 1236 978 1320 septimum,
1001 1257 1097 1322 quem

78 1325 234 1392 adversm
259 1323 472 1409 Apollonium
495 1324 691 1408 composuit,
714 1324 880 1408 ferturque
901 1323 1022 1388 vixisse
1044 1345 1097 1388 us-

77 1435 138 1500 que
161 1413 203 1479 ad
221 1413 422 1499 decrepitam
441 1415 582 1478 aetatem
606 1417 640 1477 et
661 1433 745 1497 quae
762 1432 830 1478 non
849 1415 980 1476 exstant
1000 1432 1095 1496 opus·

76 1504 149 1570 cula
171 1501 318 1568 edidisse.
467 1551 471 1561 .
1115 1511 1148 1562 1⁶

483 1629 566 1720 Cap.
594 1627 698 1702 LIV.

164 1767 332 1852 Origenes,
356 1767 412 1852 qui
435 1771 469 1833 et
490 1766 721 1851 Adamantius,
744 1766 867 1832 decimo
892 1764 1001 1832 Severi
1025 1786 1095 1850 per-

75 1857 195 1922 tinauis
223 1877 309 1922 auno
337 1855 508 1920 advenum
531 1853 736 1921 Christianos
764 1856 987 1939 perseeutione
1010 1876 1096 1921 com-

76 1950 177 2024 mota,
201 1966 221 2008 a
241 1944 382 2010 Leonida
405 1948 498 2028 patre
517 1941 642 2010 Christi
664 1944 822 2028 martyrio
845 1947 999 2009 coronato
1023 1965 1096 2008 oum

75 2055 132 2099 sex
154 2033 313 2098 fratribus
336 2037 370 2098 et
392 2037 497 2098 matre
516 2032 615 2098 vidua
633 2035 757 2116 pauper
777 2031 971 2116 relinquitur
993 2045 1149 2096 annuam

75 2125 173 2188 uatus
197 2121 325 2186 eireiter
346 2119 458 2205 XVII;
485 2141 553 2185 rem
581 2121 667 2186 enim
689 2119 882 2185 familiarem
906 2118 948 2184 ob
972 2118 1096 2183 uouiss-

79 2213 204 2278 sionem
236 2208 359 2276 Christi
390 2210 486 2275 fissus
518 2213 741 2294 occupaverat.
787 2206 850 2272 Hie
881 2206 1097 2272 Alexandriae

76 2299 227 2384 dispersa
264 2299 398 2364 ecelesia
429 2303 545 2370 oetaeo
581 2298 706 2364 deeimo
743 2296 859 2362 aetatis
897 2317 974 2360 suae
1010 2315 1096 2361 anno

75 2383 290 2472 κατηχήσεων
306 2408 387 2470 opus
402 2385 583 2472 adgressus,
599 2390 716 2470 postea
730 2408 750 2450 a
763 2385 940 2469 Demetrio,
954 2384 1097 2452 eiusdem

75 2477 167 2554 urbis
195 2476 358 2560 episeopo,
380 2477 416 2540 iu
438 2475 546 2541 losum
570 2471 744 2540 Clementis
771 2474 952 2560 presbyteri
980 2475 1150 2550 euntia-25

79 2569 202 2650 matus,
229 2565 430 2649 permultos
454 2585 559 2629 annos
580 2562 704 2648 floruit,
733 2567 767 2629 et
789 2585 862 2630 eum
885 2564 950 2628 iem
971 2560 1097 2628 mediae

76 2657 164 2719 esset
183 2653 301 2718 aetatis
314 2657 348 2718 et
361 2656 494 2738 propter
512 2652 664 2718 eeclesias
678 2652 831 2738 Achaiae,
848 2673 932 2737 quae
949 2651 1098 2735 plurimis

75 2742 247 2808 heresibus
282 2742 498 2825 vexabantur,
538 2741 598 2806 sub
635 2741 824 2806 testimonio
860 2738 1098 2803 aeclesiasticae

77 2829 248 2915 epistulae,
270 2828 418 2896 Athenas
440 2851 500 2916 per
521 2828 741 2894 Palaestinam
763 2829 927 2912 pergeret,
949 2848 969 2890 a
993 2825 1097 2891 Theo·

76 2921 174 2985 aliato
198 2923 233 2984 et
249 2918 443 3002 Alexandro,
461 2917 639 2984 Caesareas
658 2919 691 2981 et
708 2914 1013 2998 Hierosolymorum
1032 2915 1097 3002 epi·
1116 2951 1154 3000 30

78 3009 197 3093 seopis,
224 3009 396 3093 presbyter
424 3007 591 3073 ordinatur
618 3004 777 3070 Demetrii
805 3003 941 3070 offendit
963 3007 1098 3089 animos,

150 3164 261 3220 evm
271 3164 426 3234 refertque3
442 3164 520 3220 Ver:
530 3163 715 3233 referretque3
731 3162 830 3218 Bamb.
841 3162 1018 3218 stlta-inuh:
1028 3161 1098 3218 reie-

80 3237 247 3305 rentemque
305 3235 558 3303 Rausehzdieeret,
567 3233 726 3303 referreque
737 3233 791 3290 sibi
800 3233 915 3290 solitum
975 3231 1096 3287 ⁷Bamh.

79 3307 109 3360 et
122 3305 265 3362 Norint:
284 3307 430 3376 presbyter
453 3305 509 3360 fuit
531 3305 667 3362 ecelesiae
685 3304 836 3362 Africanae
855 3303 1001 3382 (Afriuae);
1020 3301 1096 3356 vat:
1137 3309 1145 3316 “

82 3375 207 3444 praefuit
280 3381 314 3432 14
332 3375 458 3430 Rbusuhr
479 3377 508 3430 et
525 3375 618 3430 multa
636 3389 708 3442 quas
781 3379 814 3426 31
834 3373 884 3426 ale
903 3385 1028 3424 ammam

899 3710 1013 3752 A
