2522 3802
520 90 743 156 ..94-

125 235 188 316 tur,
215 232 399 317 composuit
423 231 574 297 infinitos
598 233 759 301 hwtstus
787 229 987 296 diversarum
1014 225 1148 298 ὑποθέ-

126 335 225 401 σεων,
253 319 289 386 in
317 320 435 406 quibus
463 320 529 386 ism
559 319 672 386 subtili
698 318 848 404 nequitia
875 319 995 386 infudit
1023 323 1150 405 postea

125 407 273 494 proditae
307 408 486 493 impietatis
515 428 652 490 venena,
688 428 771 492 quae
807 408 941 474 moralis
975 406 1147 476 interdum

126 496 313 562 occultabat
335 497 477 564 suadela.
520 493 699 581 Postquam
721 517 797 561 roro
821 495 1007 580 eloquentia
1029 501 1064 562 et
1085 495 1146 560 ab

90 585 282 650 retinentia
304 585 550 650 commendante
573 581 957 667 Constantinopolitanae
984 583 1147 652 ecclcsiae

124 673 317 756 pontificatu
340 676 391 738 est
413 672 561 754 donatus,
584 675 732 757 apertum
754 693 789 736 se
812 671 950 756 hostem,
973 695 1069 758 quem
1084 671 1145 736 diu

125 762 264 844 celabat,
292 761 466 826 ostendens
496 760 627 844 scripsit
652 759 771 824 librum
801 757 907 844 ‘quasi
930 760 970 826 de
992 762 1144 827 incarna-

124 849 215 914 tione
237 847 383 914 Domini'
407 848 577 933 sexaginta
604 851 638 912 et
659 847 784 912 duobus
808 847 937 913 divinae
960 851 1145 936 scripturae

124 937 319 1002 testimoniis
340 957 441 1020 pravo
465 957 562 1001 sensu
585 939 819 1020 constmctum,
842 936 879 1000 in
902 957 966 1020 quo
988 937 1066 1024 quid
1089 957 1144 1002 as·

74 1041 108 1090 10
127 1025 334 1108 severaverit,
356 1025 392 1088 in
414 1025 566 1108 catalogo
588 1023 804 1088 hereticorum
827 1025 1072 1092 monstrabitur.

538 1203 620 1295 Gap.
648 1201 729 1278 LV,

214 1337 423 1425 Caelestinus,
445 1341 535 1407 urbis
554 1341 678 1406 Romae
696 1339 877 1425 episcopus,
900 1341 1064 1408 decretum
1088 1365 1143 1426 sy-

124 1428 201 1494 nodi
229 1427 401 1494 adversum
428 1451 526 1513 supra
553 1428 676 1494 dictum
698 1426 890 1494 Nestorium
911 1429 1061 1496 habitum
1083 1451 1144 1496 vo·

125 1517 233 1580 lumen
261 1516 445 1582 describens
473 1517 515 1582 ad
543 1515 685 1582 Orientis
714 1519 747 1580 et
775 1515 958 1582 Occidentis
987 1519 1144 1583 ecclesias

73 1623 106 1673 15
125 1603 214 1668 dedit
232 1605 426 1670 confirmans
440 1604 565 1671 duabus
578 1605 613 1668 in
627 1603 758 1670 Christo
772 1605 981 1671 manentibus
999 1605 1145 1691 perfecte

125 1692 250 1756 naturis
274 1713 372 1757 unam
387 1692 462 1756 Filii
477 1691 538 1758 Dei
561 1692 755 1757 credendam
775 1714 845 1758 esse
863 1697 1023 1760 nutrirem.
1054 1693 1144 1759 Huic

126 1779 305 1844 sententiae
339 1801 437 1862 supra
464 1779 567 1845 dictus
594 1779 767 1845 Nestorius
801 1785 952 1846 ostensus
985 1785 1037 1848 est
1069 1803 1143 1847 esse

126 1866 314 1932 contrarius.
360 1863 517 1932 Similiter
544 1867 643 1932 etiarn
671 1853 808 1954 Xyfitus,
839 1890 1005 1935 successor
1028 1868 1142 1936 anle

126 1953 219 2036 stini,
247 1976 307 2039 pro
337 1955 448 2022 eadem
478 1977 513 2022 re
544 1960 577 2022 et
606 1956 647 2022 ad
677 1957 785 2041 ipsum
814 1955 1004 2024 Nestorium
1036 1963 1070 2024 et
1099 1959 1143 2023 ad

73 2041 269 2112 morientis
297 2045 466 2130 episcopos
496 2045 666 2111 adversum
694 2067 836 2112 errorem
865 2046 935 2111 eius
959 2047 1143 2114 occidenta-

125 2131 207 2196 lium
231 2135 410 2200 ssntentias
433 2133 603 2200 direxerat

529 2313 611 2404 Oop.
639 2311 743 2385 LVI.

216 2446 414 2531 Theodorus,
432 2447 624 2534 Ancyranus
639 2448 789 2515 Galatiae
808 2449 988 2535 episeopus,
1011 2452 1144 2538 scripsit

126 2535 296 2601 adversum
327 2534 530 2620 Nestorium,
561 2537 665 2603 adhuc
698 2537 822 2622 Ephesi
851 2539 978 2622 positus
1020 2540 1143 2606 librum

72 2641 107 2691 ac
125 2623 364 2710 redargutionis
392 2627 425 2690 et
453 2625 684 2692 confutationis
711 2625 882 2692 dialectica
913 2627 1043 2713 quidam
1072 2633 1144 2694 arte

125 2712 326 2864 ppdmatum,
350 2714 406 2780 sed
430 2715 624 2780 auctoritate
648 2735 813 2780 sacrarum
832 2715 1067 2800 scripturarum
1090 2717 1145 2782 dc-

159 2803 260 2866 xtum.

214 2887 327 2954 Multis
365 2892 452 2956 enim
489 2891 721 2957 assertionibus
753 2913 831 2956 usus
865 2895 930 2977 est,
964 2895 1143 2977 antequam

127 2975 358 3059 scripturarum
381 2979 571 3046 testimonia
594 2983 737 3064 poneret

198 3121 214 3170 6
233 3115 327 3170 Bern:
346 3115 510 3186 episcopatu
564 3117 659 3172 Rern:
678 3118 788 3174 hostem
807 3117 943 3174 ecclesiae
1006 3123 1021 3172 9
1040 3116 1143 3174 Rern:

128 3186 261 3258 quicquid
334 3189 367 3238 10
385 3182 480 3238 Berua
498 3185 737 3264 demonstrabitur
810 3193 843 3240 12
862 3187 949 3242 Ber-n:
968 3187 1083 3244 decreta

129 3251 576 3314 13Bamb.:dictavithsb1tum
653 3261 687 3309 18
706 3256 816 3310 Bamb.=
837 3255 943 3311 similes
1025 3257 1143 3316 Bamb.=

128 3329 222 3384 Sixtus
293 3331 328 3382 20
346 3324 439 3379 Rern:
459 3320 659 3376 succidendum
