2512 3794
520 123 740 186 -.-ll-

115 261 218 328 ob'am
233 259 346 340 Marci,
360 259 510 346 discipuli
518 260 608 327 Petri
622 262 709 346 apud
718 261 950 330 Alexandriam
960 267 1139 332 sectatores

116 371 255 416 ornasse
285 348 437 416 laudibus
470 349 547 415 suis.
595 349 739 416 Exstant
773 351 868 418 huius
905 353 1074 437 praeclare
1105 358 1138 422 et

117 437 373 504 innumerabilia
401 457 500 522 opera
521 439 557 502 in
574 438 715 524 quinque
737 439 837 506 libros
856 439 978 526 Moysi:
1002 441 1040 507 de
1063 463 1138 510 con·

117 525 248 592 fusione
269 526 457 612 linguarum
474 523 557 592 liber
579 549 673 611 unus,
696 527 736 592 de
758 530 877 594 natiue
899 533 932 594 et
950 530 1138 598 inventione

115 613 201 680 liber
222 635 317 698 uuus,
338 613 378 680 do
400 614 554 700 hisquae
577 636 674 681 sensu
692 637 861 700 precamur
884 619 917 682 ot
939 617 1175 684 detestamurc

116 701 201 768 liber
223 723 321 786 unus,
348 702 388 767 de
415 701 594 770 eruditione
622 704 705 769 liber
726 726 824 788 unus,
851 704 890 770 de
914 704 1030 770 herede
1058 706 1137 772 diri·

115 811 234 856 narum
261 812 369 856 rerum
399 789 483 856 liber
510 812 607 875 unus,
639 791 678 858 de
706 792 864 869 divisione
891 793 1076 878 aequalium
1104 799 1137 860 et

117 879 357 944 contrariorum
387 878 469 944 liber
503 901 601 964 unus,
633 880 673 946 de
705 881 811 948 tribus
845 881 1022 948 virtutibus
1054 882 1138 950 liber

116 987 218 1050 nnus,
254 988 354 1052 quare
386 967 590 1052 quorundam
626 968 661 1032 in
702 969 870 1054 scripturis
908 974 1033 1036 mutata
1069 971 1137 1036 sint

115 1055 265 1138 nomina,
301 1055 384 1121 liber
420 1077 518 1139 uuus,
553 1056 593 1122 de
624 1057 728 1141 pactis
764 1058 839 1124 libri
876 1058 953 1144 duo,
989 1059 1028 1125 de
1064 1060 1133 1126 rita
1153 1076 1188 1126 ιο

115 1143 275 1228 sapientis
299 1144 381 1208 liber
402 1166 499 1228 unus,
527 1143 567 1209 de
594 1145 783 1230 gigantibus
811 1147 895 1212 liber
921 1169 1019 1232 unus,
1046 1147 1132 1236 quod

114 1232 244 1296 somnia
261 1232 436 1298 mittantur
454 1254 473 1297 a
491 1227 561 1298 Deo
585 1233 660 1298 libri
685 1234 833 1319 quinque,
856 1237 1083 1320 quaestionum
1102 1241 1135 1301 et

116 1319 317 1385 solutionum
344 1321 380 1384 in
401 1319 551 1386 llxodum
579 1321 654 1386 libri
677 1323 832 1408 quinque,
861 1323 899 1386 de
922 1323 1134 1390 tabernaculo

114 1411 151 1472 et
168 1408 324 1495 decalogo
343 1409 418 1474 libri
432 1412 595 1496 quattuor,
613 1431 739 1476 necnon
757 1410 796 1475 de
814 1411 954 1476 victimis
973 1415 1006 1476 et
1024 1431 1132 1496 repro·

116 1497 329 1562 missionibus
352 1498 419 1562 sire
438 1498 627 1582 maledictis,
647 1498 686 1564 de
704 1499 918 1584 providentia,
938 1500 977 1564 de
996 1498 1133 1584 Iudaeis,
1155 1519 1190 1568 15

115 1584 156 1649 de
170 1586 418 1651 couversatione
432 1587 527 1671 vitae,
545 1586 585 1651 de
600 1585 796 1671 Alexandro,
815 1591 848 1652 ct
862 1588 948 1673 quod
968 1589 1134 1674 propriam

116 1674 278 1742 rationem
294 1677 386 1739 muta
403 1675 558 1760 habeant,
577 1679 610 1740 et
628 1675 713 1760 quod
728 1677 834 1742 omnis
848 1676 1007 1761 insipiens
1022 1699 1135 1742 servus

115 1761 170 1845 sit,
189 1765 223 1826 st
235 1763 274 1828 dc
293 1763 362 1827 rita
379 1767 576 1848 nostrorum,
594 1763 633 1828 de
654 1787 718 1850 quo
738 1765 1004 1852 supradiximus,
1023 1765 1055 1830 id
1076 1770 1135 1851 est,

116 1850 156 1915 de
171 1851 358 1934 apostolicis
372 1851 459 1938 viris,
474 1875 571 1936 quem
589 1856 624 1917 et
637 1853 803 1938 inscripsit
821 1852 896 1938 περὶ
911 1855 990 1937 βίον
1005 1861 1135 1938 θεωρη-

114 1940 213 2004 τικοῦ
240 1939 374 2022 ἱκετῶν,
407 1941 493 2025 quod
521 1941 671 2006 videlicet
698 1943 850 2007 caelestia
876 1944 1136 2029 contemplentur
1154 1963 1189 2011 20

116 2032 150 2093 et
173 2049 300 2112 semper
323 2032 418 2094 orent
435 2029 548 2113 Deum,
572 2034 605 2094 et
627 2030 688 2095 sub
708 2029 779 2094 aliis
806 2031 967 2096 indicibus
987 2031 1025 2095 de
1050 2033 1134 2116 egri-

116 2115 245 2182 cultura
262 2117 337 2182 libri
356 2117 430 2202 duo,
453 2118 491 2182 de
515 2118 672 2184 ebrictate
696 2117 771 2182 libri
793 2117 866 2183 duo.
907 2117 992 2182 Sunt
1015 2123 1048 2183 et
1071 2120 1135 2183 alia

115 2204 186 2270 eius
200 2208 411 2271 monumenta
423 2207 557 2293 ingenii,
571 2227 654 2291 quae
667 2206 702 2270 in
715 2207 844 2270 nostras
859 2227 974 2272 manus
988 2227 1056 2272 non
1065 2228 1136 2290 per·

115 2297 282 2358 venerunt
309 2291 359 2359 De
372 2294 435 2360 hoc
448 2295 547 2380 vulgo
557 2294 644 2379 apud
659 2293 800 2360 Graecos
810 2294 941 2360 dicitur:
955 2287 1135 2378 ἢΠλάτων

114 2379 326 2467 patentiori
348 2385 461 2450 Φίλων
480 2385 686 2465 almerita,
705 2382 739 2448 id
759 2387 819 2469 est,
836 2387 893 2450 eut
910 2383 1005 2450 Plato
1026 2384 1134 2451 Philo·
1154 2409 1189 2458 25

114 2491 190 2535 nem
201 2472 411 2555 sequituraut
419 2471 590 2539 Platonem
598 2471 1054 2540 Philo:tuntaestsimilitudo
1065 2495 1136 2539 sen-

115 2581 210 2624 suurn
229 2563 261 2624 et
280 2560 407 2644 eloquii.

528 2653 611 2744 Oop.
639 2653 741 2724 XII.¹

204 2787 323 2857 Lucius
360 2789 514 2856 Annaeus
552 2789 675 2857 Seneca
711 2789 951 2875 Cordubensis,
991 2789 1132 2856 Sotionis

114 2877 210 2944 stoici
238 2879 415 2964 discipulus
439 2883 472 2944 et
494 2884 631 2964 patruus
653 2879 776 2945 Lucani
805 2882 935 2964 poetae,
967 2879 1133 2944 continen-

185 3017 332 3072 tllambe
356 3018 391 3073 de
414 3017 576 3074 inventione
598 3019 718 3074 naturae
790 3017 923 3073 liBsmb.
948 3019 978 3074 et
1000 3018 1080 3074 Bsrn.
1105 3021 1135 3073 et

113 3087 255 3144 Norimb.:
278 3091 417 3144 uremur
487 3089 593 3145 ebuso
616 3089 718 3146 desunt
739 3087 770 3144 in
788 3087 851 3146 Vat
931 3095 965 3145 14
984 3090 1080 3146 Bemb.
1106 3091 1136 3145 et

113 3159 194 3215 Bern.
210 3159 239 3214 et
252 3159 393 3216 Norint:
411 3177 519 3216 necnon
533 3163 563 3216 et
620 3159 699 3216 Vae=
714 3159 926 3216 remissionibus
988 3167 1021 3214 16
1035 3159 1133 3214 Bamb.

114 3231 144 3284 et
160 3229 311 3286 Bern.:·ds
330 3232 363 3287 Δ.
383 3230 493 3287 dicente
568 3237 599 3286 17
618 3231 717 3288 Bemb.
732 3233 762 3287 et
775 3231 870 3288 Rern:
891 3235 971 3290 muta
984 3229 1131 3295 animalie;

114 3299 255 3356 Norimb.=
281 3302 339 3358 alis
357 3304 436 3358 muta
512 3308 546 3357 22
571 3303 641 3360 haec
660 3303 761 3358 desunt
778 3301 807 3358 in
826 3301 891 3360 Vat.
969 3307 1002 3356 2⁷
1023 3299 1134 3357 Bambr

114 3371 222 3442 eloquii
239 3373 314 3444 apud
333 3389 450 3444 graecos

167 3471 284 3524 Herdlnfl,
300 3472 461 3522 Hieronymus.
902 3466 919 3515 a
