2512 3794
502 115 726 184 ..9..·

89 265 126 326 et
143 282 166 326 s
183 282 237 326 me
250 283 356 346 nuper
372 262 409 327 in
422 282 574 348 mecum
590 268 771 328 sermonem
788 264 988 348 latinumque
1001 267 1108 330 trans-

90 350 198 416 latum
221 354 285 436 eet,
308 372 373 436 quo
397 354 431 416 et
444 350 661 416 Adamantius
686 373 781 436 saepe
799 353 911 438 utitur,
929 353 1015 438 quod
1033 357 1109 438 post

91 441 365 507 resurrectionem
383 437 562 506 Salvatorie
580 439 694 505 refert:
718 439 888 506 ‘Dominus
908 445 1016 507 autem
1035 463 1107 506 cum

91 527 236 593 dedisset
262 528 432 594 sindonem
460 549 553 594 servo
582 528 772 614 sacerdotis,
800 528 861 594 ivit
889 529 930 594 ad
953 529 1108 596 Iacobum

93 618 128 680 et
151 617 304 701 apparuit
327 617 358 682 ei
383 653 422 664 -·
448 617 612 682 iuraverat
638 617 725 682 enim
748 617 886 684 Iacobus
910 639 1034 683 senon
1057 639 1109 684 co·
1145 633 1162 681 s

92 726 259 770 mceurum
281 727 400 790 panem
422 706 464 770 ab
487 706 545 770 illa
565 705 649 770 hore
670 727 735 790 qua
752 706 881 772 biberat
897 706 1030 770 calicem
1043 705 1109 772 Do·

93 791 190 878 mini,
218 793 320 859 donec
341 793 465 859 videret
487 816 561 858 eum
584 797 808 880 resurgentem
832 817 852 859 a
874 794 1108 860 dormientibus

94 887 459 1056 urimini?
485 882 686 1056 bittit
699 882 852 1037 ‘titii
865 882 1109 1056 tttfflb

94 1064 128 1125 et
151 1059 320 1126 benedixit
348 1081 386 1125 eo
416 1059 515 1146 fregit
542 1063 576 1124 et
603 1059 692 1126 dedit
713 1059 832 1127 Iacobo
856 1059 946 1126 Iusto
970 1065 1004 1126 et
1027 1060 1108 1126 dixit
1128 1076 1162 1126 ιο

92 1149 138 1213 ei:
162 1147 276 1214 ‘irater
302 1148 363 1232 mi,
389 1148 520 1213 comede
547 1169 666 1232 panem
690 1153 798 1231 tuum,
827 1151 905 1236 quie
931 1151 1108 1214 resurrexit

92 1237 197 1302 Filius
215 1236 358 1302 hominis
382 1235 679 1303 edormientibus'.
715 1236 866 1322 Triginta
883 1238 993 1321 itaque
1012 1238 1107 1302 annis

91 1325 344 1409 Hierosolymae
366 1326 451 1390 rexit
473 1325 656 1410 ecclesiam,
678 1323 796 1404 idest,
818 1345 921 1409 usque
944 1325 985 1389 ed
1009 1326 1107 1408 septi-

91 1435 182 1480 mum
205 1411 347 1479 Neronis
370 1433 505 1498 annum,
528 1417 562 1479 et
583 1413 674 1480 iuxts
695 1413 868 1497 templum,
886 1412 943 1478 uhi
965 1416 999 1478 et
1016 1435 1106 1497 pree-

92 1503 252 1588 oipitatus
271 1500 387 1586 fueret,
406 1503 552 1586 sepultus
571 1502 703 1568 titulum
724 1523 826 1587 usque
844 1502 885 1567 ad
904 1501 1106 1568 obsidionem
1127 1515 1160 1564 15

91 1591 160 1658 Titi
183 1594 217 1656 et
238 1591 388 1658 ultimam
403 1590 549 1656 Adriani
571 1591 776 1656 notissimum
798 1590 923 1659 habuit.
969 1589 1107 1666 Quidam

90 1701 109 1746 e
132 1680 256 1746 nostris
279 1680 314 1745 in
335 1683 448 1744 monte
472 1678 593 1746 Oliveti
616 1700 691 1746 eum
714 1679 880 1749 conditum
903 1683 1029 1765 putent,
1052 1679 1107 1746 sed

90 1768 178 1836 salse
202 1790 313 1834 eorum
335 1769 446 1853 opinio
470 1772 529 1834 est.

514 1930 595 2022 cap.
616 1930 693 2002 ΠΙ.
755 1881 756 1884 Ὺ

181 2067 366 2134 Matthaeus
396 2069 452 2153 qui
481 2073 514 2135 et
540 2068 633 2153 Levi,
661 2090 699 2134 ex
725 2069 900 2153 publicano
930 2071 1107 2154 apostolus,
1125 2083 1161 2132 20

89 2157 216 2244 primus
246 2159 280 2222 in
307 2155 429 2223 Iudaea
459 2161 591 2244 propter
623 2177 678 2222 eos
706 2157 762 2242 qui
795 2179 833 2223 ex
866 2157 1108 2227 circumcisione

90 2246 297 2312 crediderunt
319 2247 524 2333 evangelium
544 2243 667 2312 Christi
685 2245 833 2311 hebraeis
851 2245 970 2311 litteris
984 2246 1107 2312 verbis-

90 2357 155 2421 que
177 2335 373 2420 eomposuit3
402 2335 487 2420 quod
512 2336 583 2421 quis
607 2337 723 2419 postes
740 2335 775 2400 in
794 2355 946 2420 graecum
964 2338 1108 2402 baustu-

89 2425 180 2510 lerit‚
209 2445 277 2489 non
300 2423 381 2489 eatis
405 2428 530 2490 certum
554 2427 612 2490 est
657 2422 759 2490 Porro
787 2423 894 2508 ipsum
920 2424 1107 2496 hebraicum

89 2509 1106 2600 habeturusquehodieinCaesarienaibibliotheca,quamPum—
1127 2526 1162 2574 25

89 2600 202 2686 philus
224 2599 462 2666 studiosissime
477 2601 626 2667 coniecit.
649 2601 733 2668 Mihi
752 2623 878 2688 quoque
899 2603 1107 2668 aNazareeis

92 2691 149 2774 qni
172 2689 209 2755 in
232 2687 341 2770 Veria,
364 2690 444 2755 urbe
467 2688 594 2775 Syriae,
617 2690 680 2756 hoc
702 2691 866 2755 volumine
889 2694 1034 2774 utuntur,
1057 2690 1108 2756 de·

91 2778 255 2844 scribendi
273 2778 413 2844 facultas
431 2778 504 2843 fuit.
534 2779 574 2843 In
593 2801 656 2864 quo
677 2776 998 2844 animadvertendum
1022 2777 1108 2863 quod

90 2867 286 2952 ubicumque
314 2867 515 2954 evangelista
548 2868 614 2932 sive
644 2889 683 2932 ex
712 2887 851 2951 persone
881 2887 940 2930 sue
971 2865 1040 2932 sive
1069 2888 1108 2932 ex

90 2954 227 3022 Domini
251 2954 430 3022 Salvatorie
460 2956 579 3021 veteris
603 2957 781 3042 scripturae
810 2953 1006 3020 testimoniis
1030 2956 1107 3022 abu·
1126 2967 1162 3016 30

161 3101 178 3149 2
199 3093 250 3148 al.:
271 3095 405 3166 Origenes
424 3098 470 3164 (=
488 3093 685 3163 Adsmautius)
766 3095 816 3150 alr
835 3094 1022 3164 Evsngelium
1040 3111 1108 3166 quo-

89 3181 146 3234 que
166 3206 173 3219 .
194 3207 200 3221 .
221 3209 227 3220 .
247 3165 337 3221 refert
399 3165 577 3222 tNorimb.:
597 3164 658 3221 ibet
718 3164 851 3222 bBamb.
871 3167 902 3221 et
914 3165 1044 3221 Norimbr
1064 3180 1108 3220 oo·

86 3251 246 3290 messurum
311 3243 346 3292 10
359 3235 457 3292 Bamb.
473 3240 503 3293 et
515 3236 656 3292 Norimb.=
675 3238 705 3291 et
722 3240 788 3306 post
852 3244 885 3292 12
897 3237 975 3292 Vct:
989 3235 1108 3305 niginta

88 3309 119 3361 et
172 3313 208 3361 ΞΒ
227 3307 306 3362 Ver:
326 3307 375 3378 qui
429 3314 465 3363 20
483 3307 582 3364 Bamb.
602 3309 631 3361 et
648 3305 788 3364 Nerimb.=
806 3307 971 3376 Pamphilus
988 3309 1106 3374 mertyr3

87 3377 202 3434 Bamb.:
217 3377 340 3434 coniecit
353 3380 382 3434 et
396 3378 508 3434 ornarit
543 3383 577 3432 27
592 3376 704 3432 Bembr
719 3376 834 3444 beroen
849 3375 988 3431 Norimb.:
1002 3374 1108 3430 hebrea
