2512 3794
476 80 692 145 „15-

71 220 222 286 divinam
240 219 310 285 dus
330 220 537 286 nativitatem
556 219 670 286 dicere.
709 220 771 287 Sed
794 225 828 287 et
846 222 945 288 aliam
964 244 1095 288 causam

69 309 170 374 huius
200 307 379 392 scripturae
401 309 523 388 learnt,
553 310 651 394 quod,
675 331 748 374 cum
771 311 906 396 legisset
927 311 1096 396 Matthaei,

68 395 176 462 Marci
208 400 242 462 et
262 395 369 463 Lucae
397 397 576 483 volumina,
598 399 787 482 probaverit
814 399 942 483 quidem
970 403 1095 465 textum

71 485 233 552 historiae
264 489 297 550 et
331 507 409 552 vera
441 507 496 551 eos
529 487 649 552 dixisse
685 487 876 571 firmaverit,
913 487 969 552 sed
1000 490 1095 553 unius

72 577 207 640 tentum
244 575 322 639 anni
360 575 396 638 in
433 596 496 659 quo
529 579 562 640 et
592 597 709 660 passus
742 579 793 640 est
823 579 900 660 post
936 596 1095 641 carcerem
1132 592 1148 641 5

78 661 248 747 Iohannis,
268 663 441 728 historiam
454 664 604 729 texuisse.
631 663 864 730 Praetermisso
877 664 988 748 itaque
1002 687 1096 748 anno,

76 751 169 816 cuins
197 754 270 815 acta
298 752 445 817 atrihus
471 751 603 816 fuerant
631 757 790 838 exposita,
819 753 993 838 superioris
1016 757 1096 818 tem-

76 839 182 924 poris,
215 842 390 924 antequam
427 839 591 906 Iohannes
627 841 830 907 clauderetur
859 841 894 906 in
927 863 1095 926 carcerem,

77 932 175 1013 gesta
195 929 355 1012 narravit,
383 930 467 994 siout
488 929 697 994 manifestum
727 952 796 996 esse
819 931 941 1015 poterit
966 929 1018 996 his
1041 932 1096 1016 qui

76 1015 254 1102 diligenter
285 1021 440 1102 quattuor
474 1019 717 1104 evangeliorum
751 1019 917 1085 volumina
948 1020 1094 1106 legerint.
1115 1034 1148 1083 10

165 1104 256 1182 Quae
284 1125 336 1170 res
365 1111 398 1172 et
425 1102 634 1190 διαφαίνων,
667 1129 748 1191 quae
780 1108 907 1172 videtur
933 1107 1094 1173 Johannis

74 1215 147 1260 esse
179 1215 254 1258 cum
285 1195 415 1279 ceteris,
451 1195 549 1260 tollit.
597 1196 740 1280 [scripsit
773 1198 896 1275 autem]
931 1199 964 1259 et
995 1218 1094 1261 unam

74 1281 248 1368 epistulam
282 1283 372 1348 cuius
402 1283 567 1349 exordium
596 1287 659 1349 est:
687 1283 789 1369 ‘quod
821 1283 885 1347 fuit
916 1283 957 1346 ab
988 1283 1094 1366 initio,

74 1371 164 1456 quod
188 1369 371 1436 audivimus
394 1375 427 1436 et
444 1373 546 1437 oculis
564 1373 685 1438 nostris
709 1370 794 1458 quod
816 1370 1039 1456 perspeximus
1062 1377 1095 1435 et

73 1481 192 1525 manus
214 1463 347 1525 nostrae
374 1464 599 1526 tractaverunt
621 1462 661 1526 de
690 1459 789 1526 verbo
813 1457 919 1543 vitae'‚
947 1480 1029 1542 quae
1053 1459 1094 1524 ab
1115 1473 1147 1523 15

72 1548 234 1614 universis
253 1548 482 1614 ecclesiasticis
502 1553 534 1614 et
557 1549 690 1614 eruditis
709 1549 787 1614 viris
806 1548 972 1634 probatur.
1009 1547 1095 1612 Reli-

74 1659 158 1720 quae
173 1639 282 1702 autem
301 1636 383 1702 duae
398 1659 532 1722 quarum
546 1637 743 1722 principium
758 1641 821 1703 est:
841 1636 961 1702 ‘senior
974 1636 1095 1702 electae

73 1725 226 1791 dominae
245 1728 278 1790 et
295 1727 384 1791 natis
403 1725 483 1790 eius'
503 1731 537 1792 et
555 1727 734 1812 sequentis:
760 1725 881 1792 ‘senior
899 1724 978 1792 Caio
998 1726 1094 1792 caris-

74 1815 157 1880 simo
181 1835 277 1900 qoem
297 1833 358 1899 ego
383 1814 483 1899 diligo
502 1817 536 1881 in
555 1814 713 1900 ueritate',
736 1814 893 1880 iohannis
911 1814 1093 1900 presbyteri

73 1905 277 1981 asseruntur,
305 1903 396 1968 cuius
430 1906 464 1968 et
494 1904 590 1969 hodie
623 1905 762 1969 alterum
795 1904 976 1988 sepulcrum
1009 1903 1094 1987 apud
1113 1918 1147 1968 2ο

72 1991 244 2077 Ephesum
263 1992 461 2075 ostenditur3
481 1996 515 2057 et
527 1993 676 2058 nonnulli
690 1995 809 2076 putent
824 1989 904 2055 duas
919 1992 1094 2055 memorias

73 2081 218 2146 eiusdem
236 2079 393 2146 Iohannis
412 2082 631 2167 evangelistae
656 2101 741 2164 esse3
765 2099 862 2163 super
885 2099 949 2162 qua
967 2099 1001 2140 re
1021 2099 1093 2142 cum

74 2169 116 2233 ad
139 2167 279 2252 Papiam
303 2168 485 2235 auditorem
509 2171 578 2235 eius
602 2171 734 2234 ventum
756 2166 868 2250 fuerit,
892 2165 1094 2231 disseremus.

75 2257 201 2333 Quarto
234 2257 358 2322 decimo
390 2259 492 2344 igitur
523 2279 609 2323 anno
642 2255 816 2322 secundam
848 2257 923 2338 post
954 2251 1094 2320 Neronis

76 2346 336 2430 persecutionem
359 2349 509 2412 movente
529 2346 720 2413 Domitiano
743 2345 778 2410 in
797 2343 932 2410 Patmos
954 2343 1094 2410 insulam
1114 2359 1147 2408 et

76 2435 242 2520 relegatus
274 2435 406 2518 scripsit
435 2435 675 2521 Apocalypsin,
708 2455 804 2520 quam
841 2433 1095 2518 interpretantur

76 2521 230 2589 Justinus
252 2528 378 2610 martyr
401 2527 434 2588 et
455 2523 618 2590 Irenaeus.

163 2611 340 2679 Interfecto
376 2616 485 2678 autem
521 2611 710 2679 Domitiano
751 2616 785 2677 et
827 2611 909 2675 actis
948 2610 1016 2673 eius
1053 2608 1094 2673 ob

71 2701 208 2768 nimiam
246 2702 470 2767 crudelitatem
508 2725 527 2766 a
559 2706 674 2767 senatu
711 2699 856 2766 rescissis
894 2695 953 2762 sub
985 2695 1095 2760 Nerva

146 2919 160 2968 1
180 2911 279 2967 Bamb.
299 2913 328 2966 et
346 2911 485 2967 Norimb.:
509 2910 617 2966 edicere
695 2913 727 2962 12
746 2907 817 2962 haee
835 2905 920 2960 verba
939 2905 1043 2962 desunt
1065 2905 1094 2962 in

73 2983 138 3040 Vat.
214 2989 247 3036 14
266 2981 364 3039 Bamb.
385 2985 415 3038 et
433 2983 560 3038 Norimb.
579 2983 609 3036 et
626 2980 720 3035 Rern:
742 2976 832 3034 oculis
850 2977 953 3033 nothis
972 2976 1094 3034 vidimus

74 3061 108 3110 11
121 3053 235 3110 Bamh.:
249 3055 474 3124 temptaverant3
488 3054 538 3108 ala
553 3050 798 3108 contrectaverunt
856 3054 891 3104 20
905 3049 984 3106 Vct:
998 3047 1093 3104 hodie-

73 3143 128 3197 que
201 3131 236 3180 22
255 3125 306 3180 alii
324 3123 433 3180 addunt
449 3125 516 3194 post
533 3141 609 3178 cum:
633 3139 684 3194 per
702 3121 829 3178 ordinem
901 3126 936 3176 23
946 3118 1024 3174 Vat:
1044 3119 1094 3172 ad·

73 3199 195 3254 iutoram
259 3201 294 3251 24
308 3196 359 3252 al:
374 3195 528 3252 secundum
578 3193 677 3249 Barnh.
688 3195 718 3249 et
727 3192 866 3248 Norint:
881 3191 946 3273 post
952 3189 1094 3244 Neronem

74 3273 108 3324 25
127 3269 206 3324 Vnt:
234 3268 349 3337 Paphos
439 3271 474 3322 26
493 3263 632 3321 Norint:
661 3281 746 3334 quam
770 3263 1030 3338 interpretationem
1059 3287 1092 3295 -

73 3339 164 3394 secuti
182 3341 248 3394 sunt
324 3343 359 3392 29
381 3337 425 3392 its
443 3335 580 3405 (Bamb.);
598 3336 628 3388 et
645 3332 862 3388 Norimh.Vat.=
881 3328 933 3382 suh
951 3327 1094 3394 pertinace
