2512 3794
549 113 781 170 -mv„

598 274 670 344 Pap.
688 278 732 332 31.

180 387 214 452 1:
239 383 346 450 ededit
369 405 450 468 opus
475 381 585 470 (edidit
606 383 708 470 opus).

178 475 211 540 3:
236 472 404 558 Appellan.

177 563 215 628 4:
238 561 407 628 eonotctm
432 558 485 648 (A.
495 557 556 647 B.)
604 557 672 643 (V.:
695 557 914 646 conventum).

178 649 214 716 5:
238 650 401 715 memenii.

180 739 217 804 6:
243 735 456 803 Galisiionem
480 733 525 822 (V
528 760 548 800 .:
572 733 823 822 Gallisiionem).

181 829 217 892 7:
243 823 311 910 (Aa
335 823 538 912 adiutorem).
565 862 603 872 —
630 823 681 889 ‘et’
705 845 763 890 om.
787 861 829 871 -
855 822 968 911 (ΗΛ
993 829 1026 890 et
1048 824 1109 912 in).
1136 865 1173 874 -

239 935 422 978 exemerum
446 911 514 996 (A.:
538 933 721 979 exameron.
766 911 821 978 V.:
845 911 1074 1001 aexemerum).

180 1004 217 1069 8:
240 1001 418 1087 catafrigas
443 999 512 1088 (V)

180 1091 217 1155 9:
242 1088 297 1155 ‘eb'
322 1111 385 1154 om.

161 1181 219 1245 12:
244 1177 428 1243 Panihceni
452 1175 519 1263 (V.:
542 1176 752 1264 Phaniseni).

161 1268 218 1332 13:
241 1268 472 1333 eeclesiosocam
496 1263 575 1354 (A.)
617 1265 685 1354 (V.:
709 1265 909 1332 ‘ecclesiasi’
933 1265 1021 1354 om.)
1043 1305 1080 1315 —
1108 1291 1177 1336 sco·

239 1357 307 1422 lam
330 1354 453 1443 (A.V.).
478 1391 520 1404 -
545 1359 578 1421 et
600 1355 783 1422 ectheseon.

161 1446 217 1599 12:
241 1451 270 1511 et
290 1445 478 1528 eloquentiae
502 1443 580 1532 (A.)
626 1443 695 1529 (V.:
719 1449 817 1530 sique
841 1441 895 1530 el.)

162 1535 178 1600 1
211 1531 305 1599 z‘de'
329 1556 391 1599 om.

162 1622 218 1687 17:
243 1643 495 1701 ετρομαπεοευπ.
518 1640 688 1699 τφιωεεων
711 1620 789 1684 libri
812 1623 886 1686 octo
910 1620 1116 1706 disceptaiio.

162 1710 219 1774 18:
242 1710 417 1792 Paedopopi
449 1709 522 1773 lohe-i
550 1708 627 1790 III,
662 1709 699 1773 de
723 1709 845 1790 pasces
876 1711 926 1775 ioh.
956 1710 1004 1774 ·I·
1037 1708 1106 1796 (A.)
1141 1711 1180 1776 de

239 1797 353 1862 ieiunii
371 1796 562 1882 disceptatio
586 1797 670 1862 liber
689 1795 731 1861 ·I·
764 1795 833 1883 (dt
858 1798 897 1862 de
916 1797 1037 1865 ieiunio
1057 1797 1078 1863 l.
1093 1821 1124 1865 u.
1139 1800 1178 1865 de

244 1885 468 1970 disceptione).

161 1975 218 2041 19:
242 1997 319 2039 nam
334 1974 423 2039 dives
437 1975 493 2039 ille
508 1973 552 2039 sii
566 1970 678 2058 (‘quis’
688 1971 765 2060 om.)
781 1976 941 2057 [comm
954 1977 1036 2042 dives
1048 1977 1102 2042 iae
1114 1974 1182 2065 sit)

160 2065 220 2129 21:
243 2061 310 2149 (Aa
334 2061 512 2149 secuntur).

160 2153 220 2218 22:
244 2173 339 2238 quem
362 2152 512 2236 propriae
536 2147 605 2238 (V.)
631 2150 672 2215 ad
695 2150 882 2218 Alexandro
907 2153 1046 2240 scripsit.

160 2241 219 2307 23:
243 2241 440 2326 episcopum.

160 2330 220 2394 24:
241 2329 414 2394 cohomimc
438 2329 569 2394 Tatiani
591 2324 671 2415 (A.)
719 2327 788 2414 (V.:
813 2324 1007 2393 ‘voluminis’
1034 2327 1113 2414 om.)

161 2418 219 2482 27:
243 2417 471 2484 Aristobolum
496 2413 575 2504 (V.)

160 2507 220 2572 28:
245 2505 313 2588 (V.:
336 2505 581 2592 Eupolymum).

162 2593 222 2659 29:
247 2615 461 2674 αρχεογονιαν
484 2593 637 2679 Moyseoa
660 2591 731 2680 (A.:
755 2613 987 2673 αργαιογονιαν
1009 2593 1147 2681 Moysi).

161 2683 220 2748 30:
243 2689 440 2750 assenserunt
459 2680 525 2770 (V.:
545 2679 772 2768 adserucrini).
809 2687 894 2747 exiet
912 2679 989 2770 (V.)
1007 2719 1044 2730 -
1066 2681 1184 2751 Hiero·

242 2773 450 2857 solymarum.

603 2856 673 2926 Pap.
694 2859 740 2912 32.

187 2949 221 3013 1:
246 2947 291 3032 (V
293 2971 426 3052 ssuper
437 2947 699 3066 opdipstionem).
719 2983 756 2994 —
773 2948 984 3033 Asclepiades
995 2945 1040 3033 (V
1043 2972 1062 3012 .:
1077 2947 1184 3016 Ascli-

184 3127 221 3191 2:
242 3037 650 3300 &igentffocdiisiif-
673 3125 743 3212 (Aa
766 3125 859 3210 ponii
876 3123 1049 3189 insinuans
1063 3123 1099 3188 in
1116 3125 1184 3191 fine

243 3237 312 3300 sp1s
363 3237 400 3280 ae
417 3266 424 3281 .

187 3303 223 3370 3:
247 3306 407 3371 commea?
430 3302 508 3390 (A).
529 3341 569 3350 -
595 3302 641 3391 (V
642 3328 662 3369 .:
686 3297 956 3388 transmisimus).

186 3395 225 3459 4:
243 3415 303 3478 per
325 3393 509 3462 Oleoncotem
531 3393 653 3458 beenon
677 3389 744 3476 (V.:
768 3410 826 3473 per
844 3389 929 3454 beai.
950 3385 1023 3474 Ol.)
