2522 3802
524 101 742 164 „51-

123 241 224 306 edidit
245 239 375 305 infinita
397 239 576 317 volumina,
599 239 639 306 de
663 241 778 326 quibus
796 240 877 305 haee
896 244 983 306 sunt:
1008 234 1141 325 εὐαγγε-

123 329 216 412 λικῆς
235 322 435 406 ἀποδείξεως
452 327 527 392 libri
541 327 613 412 XX,
632 320 849 412 εὐαγγελικῆς
865 329 1142 414 προῃαρασκευῇς

124 417 199 482 libri
231 415 302 494 XV,
333 419 540 500 θεοφανείας
571 416 647 480 libri
669 415 709 500 V,
748 414 1001 484 ‘ecclesiasticae
1037 417 1140 484 histo-

125 503 206 569 riae'
229 505 306 569 libri
320 503 360 588 X,
384 503 622 570 ‘chronicorum
644 525 806 570 canonum
829 505 1021 571 omnimoda
1038 507 1141 572 histo·

122 592 182 658 ria’
207 597 369 658 eteorum
389 588 539 676 ἐπιτομή,
558 598 591 657 et
610 591 660 658 ‘de
685 593 929 678 evangeliorum
948 594 1139 680 trapuvlu’,
1159 610 1176 659 c

122 685 155 746 et
178 680 230 746 ‘in
252 679 405 746 Esaiam'
428 681 504 746 libri
526 679 575 764 X,
598 685 631 746 et
654 680 785 747 ‘contra
809 679 1053 766 Porphyrium',
1084 685 1139 766 qui

123 769 235 836 eodem
258 774 404 852 tempore
429 769 592 834 scribebat
613 769 646 834 in
667 767 793 853 Sicilia,
816 769 893 834 libri
907 768 1009 853 XXV,
1033 774 1066 834 et
1087 793 1140 836 το-

122 858 231 923 πικῶν
253 858 337 922 liber
359 879 453 940 unus,
476 851 658 940 ἀπολογίας
674 879 734 942 pro
751 857 890 944 Origene
909 857 984 923 libri
1004 881 1068 938 sex,
1088 858 1139 924 ‘de

123 947 192 1010 vita
207 944 383 1029 Pamphili'
402 945 481 1010 libri
499 949 576 1028 tres,
596 944 646 1010 ‘de
660 946 873 1031 martyribus'
893 947 957 1012 alia
976 947 1139 1033 opuscula,

123 1039 155 1100 et
178 1036 215 1100 in
238 1038 368 1099 centum
393 1033 630 1118 quinquaginta
651 1035 797 1118 psalmos
821 1035 1031 1101 eruditissimi
1054 1058 1138 1102 com·
1160 1053 1192 1101 10

122 1123 276 1188 menterii
298 1122 464 1206 multaque
485 1122 556 1185 alia.
592 1120 720 1188 Floruit
742 1125 882 1187 maxime
905 1124 965 1188 sub
981 1123 1137 1190 Constan-

121 1212 191 1277 tino
215 1211 411 1296 imperatore
435 1214 468 1274 et
491 1207 699 1294 Constantio,
723 1215 756 1275 et
779 1211 821 1276 ob
845 1212 1022 1277 amicitiam
1046 1211 1137 1278 Pam-

120 1301 202 1384 phili
226 1298 268 1364 eb
292 1320 329 1363 eo
353 1302 607 1384 cognomentum
631 1299 764 1364 sortitus
789 1303 848 1364 est.

475 1515 557 1606 cap.
585 1513 796 1584 cxxxii.

208 1651 368 1736 Reticius,
387 1650 588 1734 Aeduorum,
605 1651 639 1716 id
657 1653 722 1734 est,
741 1651 1046 1737 Augustodunensis
1070 1653 1135 1738 epi·
1156 1667 1189 1716 15

118 1762 252 1842 scopus,
281 1739 345 1842 sub·
371 1738 587 1806 Constantino
616 1740 845 1856 celeberrimae
871 1739 979 1894 ἰξίας
1006 1741 1136 1896 hgbitps

117 1827 930 2002 {tltttttttitillabittutte„
954 1852 1136 1985 ‹tuttt

117 2003 361 2108 llovatianum'.
411 2003 481 2071 Nec
511 2008 639 2090 practer
669 2004 750 2070 heec
791 2006 963 2091 quicquam
1001 2029 1134 2092 operum

117 2117 186 2159 erus
210 2115 347 2178 repperi.
1153 2111 1188 2158 ao

454 2256 537 2347 cap.
564 2255 798 2327 cxxxiii

207 2393 410 2478 Methodius‚
434 2393 565 2478 Olympi
583 2392 700 2478 Lyciae
724 2396 758 2458 et
780 2397 895 2478 postea
908 2391 988 2478 Tyri
1011 2394 1133 2479 episcc-

114 2506 192 2569 pus,
219 2482 316 2548 nitidi
344 2482 579 2567 compositique
607 2483 766 2548 sermonis
796 2482 965 2548 adversum
988 2481 1133 2568 Porphy-

115 2573 202 2638 rium
226 2571 365 2637 confecit
386 2571 501 2655 libros,
525 2573 558 2636 et
577 2569 789 2656 ‘symposium
814 2571 923 2638 decem
944 2571 1132 2656 virginum',

115 2666 150 2726 et
173 2659 225 2725 ‘de
248 2658 493 2725 resurrectione’
517 2681 599 2744 opus
622 2661 788 2745 egregium
813 2665 926 2726 contra
950 2658 1132 2744 Origenem,
1151 2673 1184 2722 25

114 2754 149 2815 et
172 2749 326 2814 adversus
350 2747 488 2814 eundem
516 2747 566 2812 ‘de
590 2747 780 2832 Pitonissa'‚
810 2757 844 2812 et
866 2747 916 2812 ‘de
941 2745 1131 2832 autexusio’‚

112 2839 149 2902 in
173 2837 326 2902 Genesim
348 2858 476 2921 quoque
500 2837 590 2902 etin
614 2835 787 2903 (lenticum
810 2835 1074 2919 commentarios,
1098 2840 1131 2901 et

114 2927 222 2992 multu
244 2926 322 3010 alia,
346 2946 429 3012 quae
452 2925 550 3010 vulgo
573 2926 773 2991 lectitantur.
806 2923 858 2988 Ad
877 2927 1055 2989 extremum
1074 2946 1131 2990 no-

112 3015 266 3082 vissimae
297 3013 546 3099 persecutionis,
575 3017 612 3078 ut
639 3014 695 3079 elii
725 3012 912 3099 adfirmant,
942 3013 1002 3078 sub
1030 3013 1129 3080 Decio

185 3216 199 3264 1
221 3203 405 3277 εὖαγγελιιῆς
420 3249 426 3262 .
442 3249 448 3262 .
465 3247 471 3259 .
486 3205 539 3260 XX
557 3205 638 3261 deest
654 3206 684 3261 in
702 3205 800 3262 Bamb.
879 3212 895 3261 2
914 3205 1024 3260 Bemb:
1044 3199 1129 3271 εὐαγ-

111 3280 227 3349 peusin
244 3280 415 3347 προδείξεως
432 3276 616 3345 παρασκευῆς
705 3283 739 3332 26
758 3276 836 3334 Vnt:
856 3271 1039 3340 αὖτεξουσίου

112 3358 147 3408 27
166 3350 281 3407 Baraba
300 3349 442 3406 canticum
460 3346 633 3403 canticorum
705 3353 739 3402 29
757 3347 869 3403 Bembz
888 3347 946 3401 sive
964 3346 996 3399 ut

875 3438 913 3487 4*
