2522 3802
523 84 742 148 ..72-

126 225 255 309 doctus,
282 224 339 290 sed
363 223 492 290 vivente
514 223 672 310 magistro
697 224 802 290 clarus
824 222 860 288 in
884 223 1073 290 doctoribus
1096 245 1153 290 ec·
1256 229 1257 282 ἶ

126 313 242 378 cleeiae
265 312 329 376 fuit
356 315 390 376 et
417 311 557 376 maxime
580 333 619 376 ex
640 314 787 398 ternpore
809 311 1019 378 declamator.
1065 311 1154 378 Post
1256 349 1257 356 κ

126 401 214 466 illins
238 404 348 465 autem
371 399 497 466 obitum
520 420 630 466 amore
649 399 810 485 primatus
833 403 867 465 et
888 401 1032 467 nominis
1051 422 1151 485 sepa·
1256 401 1257 470 i

126 510 203 554 rens
223 511 257 554 sa
276 488 318 554 ab
337 488 474 554 ecclesia
492 488 626 573 scripsit
643 489 807 554 contraria
824 489 928 554 multa
946 488 1030 554 fidei.
1060 487 1152 554 Huic

91 577 277 643 sobiturus
311 578 426 642 beatus
453 575 598 661 Ephrem
628 577 751 664 astanti
784 576 847 641 sibi
881 577 1001 643 dixisse
1027 576 1152 642 fertur:

128 665 237 749 ‘Vide,
260 664 422 750 Paulona,
451 687 492 730 ne
518 668 552 730 te
576 665 763 730 summittas
787 665 1041 750 cogitationibus
1063 664 1150 748 tuin

127 755 183 820 sed
206 776 280 820 cum
304 757 337 818 te
357 754 398 818 ad
416 775 534 838 purum
552 753 833 838 comprehendisse
851 753 1015 838 putaveris
1029 751 1153 836 Deum,

126 843 219 908 erede
251 847 284 907 te
310 863 371 908 nec
398 841 619 907 intellexisse’.
667 841 899 908 Praesenserat
925 841 1012 908 enim
1039 842 1150 924 illurn,

126 953 166 995 ex
188 929 304 995 studiis
327 930 380 994 vel
398 930 600 996 sermonibus
620 930 702 1014 eius,
724 952 810 996 nore
826 930 1024 1013 investigare
1054 933 1088 996 et
1111 931 1150 995 in

74 1037 108 1084 10
127 1019 322 1084 immensum
359 1015 562 1083 intellectum
598 1017 745 1102 tendere,
776 1017 862 1084 unde
894 1021 928 1084 et
959 1017 1152 1103 frequenter

128 1128 201 1172 eum
223 1105 434 1172 Bardesanen
456 1106 621 1172 novellum
644 1107 793 1172 vocabat

549 1288 632 1380 Cap.
660 1287 728 1360 IV.

216 1424 368 1490 Vitellius
395 1424 477 1490 Afer
509 1423 758 1491 Donatistarum
793 1425 935 1491 schisma
967 1425 1149 1492 defendens

129 1515 263 1599 scripsit
285 1513 336 1579 ‘de
359 1535 397 1579 eo
421 1513 508 1598 quod
531 1513 606 1580 odio
630 1515 696 1580 sint
723 1513 843 1578 mundo
867 1512 929 1579 D'ei
953 1513 1060 1580 servi'.
1105 1513 1147 1580 In

78 1618 111 1668 15
131 1624 195 1686 quo
219 1603 247 1667 si
270 1601 426 1667 tacuisset
444 1602 483 1666 de
501 1605 614 1668 nostro
633 1601 722 1668 velut
740 1605 984 1686 persecutorum
1003 1603 1151 1687 nomine,

129 1691 293 1776 egregiam
326 1689 507 1754 doctrinam
540 1689 692 1755 ediderat
743 1689 880 1775 Scripsit
909 1693 943 1755 et
971 1690 1149 1757 ‘adversus

128 1775 254 1863 gentes’
287 1781 321 1842 et
353 1776 508 1842 adversus
540 1798 618 1862 nos,
649 1779 738 1843 velut
769 1778 945 1844 traditores
977 1780 1012 1844 in
1039 1801 1149 1865 perse-

128 1865 257 1932 cutione
287 1865 472 1931 divinarum
499 1866 748 1950 scripturarum,
771 1870 805 1932 et
833 1867 885 1932 ‘ad
917 1869 1065 1954 regulam
1097 1889 1150 1933 ec-

129 1953 355 2020 clesiasticem'
387 1953 585 2040 pertinentia
612 1955 716 2022 multa
738 1955 900 2022 disseruit
938 1955 1064 2023 Olaruit
1086 1957 1148 2022 sub

75 2059 110 2108 20
129 2041 324 2130 Constante,
346 2045 413 2111 filio
429 2041 637 2111 Constantini
659 2045 824 2130 principis.

569 2209 650 2300 Cap.
674 2207 712 2280 V.

216 2343 404 2411 Macrobius
433 2344 618 2430 presbyter,
648 2345 787 2430 etipse,
816 2347 853 2410 ut
881 2344 1009 2429 scriptis
1034 2344 1148 2429 Optati

129 2433 281 2518 cognovi,
304 2433 568 2499 Donatianorum
590 2439 705 2518 postea
728 2433 762 2496 in
781 2432 861 2498 urbe
876 2433 983 2500 Roma
1001 2434 1149 2500 occultus

130 2521 300 2606 episcopus
329 2520 402 2587 fuit
448 2519 599 2606 Scripsit,
628 2543 700 2586 cum
728 2520 833 2586 adhuc
862 2521 898 2586 in
926 2523 1063 2588 eeclesia
1085 2521 1148 2588 Dei

69 2625 109 2673 ao
133 2609 304 2695 presbyter
332 2613 433 2694 esset,
461 2608 521 2674 ‘ad
548 2609 750 2675 consessores
777 2613 811 2675 et
838 2609 999 2696 virgines’
1026 2611 1148 2676 librum

130 2699 261 2764 moralis
293 2697 423 2782 quidem
460 2697 517 2762 sed
553 2697 647 2762 valde
679 2699 880 2764 necessariae
915 2699 1081 2764 doctrinae
1116 2706 1149 2764 et

129 2788 301 2871 praecipue
325 2785 366 2850 ad
388 2785 567 2852 custodiam
586 2785 747 2852 castitatis
767 2787 946 2873 aptissimis
965 2789 1059 2853 valde
1079 2809 1148 2854 sen-

129 2876 241 2940 tentiis
266 2875 508 2942 communitum

203 3049 336 3105 1Banrb.
357 3051 386 3106 et
405 3051 500 3107 Benaz
519 3051 717 3107 ecciesiasticis
796 3056 812 3105 2
832 3049 941 3106 Bambz
962 3049 1021 3106 cius
1038 3051 1096 3106 tem
1119 3068 1147 3105 o·

130 3122 169 3177 rie
238 3121 383 3177 eBamb.:
403 3121 564 3176 committas
647 3119 793 3176 issamb.:
812 3137 951 3192 parum.
999 3069 1145 3177 &Bambr

131 3193 245 3250 credere
343 3198 358 3247 9
377 3191 474 3248 Bamb.
494 3195 524 3246 et
541 3191 638 3245 Barna
658 3193 688 3246 et
704 3191 872 3245 immensum
891 3231 897 3244 .
918 3232 924 3244 .
943 3194 1039 3246 tenere

134 3273 167 3320 13
182 3266 293 3322 Bamb.:
311 3261 534 3319 Donatianorum
571 3266 605 3314 22
620 3259 731 3314 Bamb.:
746 3262 779 3313 ut
793 3277 826 3314 ex
841 3260 946 3328 scripto
983 3267 1016 3316 27
1032 3261 1145 3316 Bamb:

133 3337 344 3394 custodiendam
363 3332 522 3391 castitatem
596 3335 630 3383 28
648 3329 746 3384 Bamb.
765 3330 796 3382 et
813 3327 907 3384 Bern:
927 3330 1089 3386 ordinatum
