2512 3794
513 81 732 146 ..19-

109 225 250 290 libenter
285 227 364 290 v'era
397 222 595 309 suscipiunt3
630 222 790 307 plurimos
825 245 952 309 quoque
987 227 1056 289 tem
1092 223 1133 290 de
1254 217 1255 232 ¹

112 311 243 378 Iudaeis
267 333 365 398 quem
385 310 619 397 degentilibus
641 311 759 377 hebuit
777 315 953 378 sectatores
972 317 1005 378 et
1027 312 1133 380 crede»
1254 389 1255 396 ἵ

109 403 210 468 batn
231 422 302 466 esee
324 397 483 466 Christus.
524 396 669 485 Cumque
691 399 813 465 invidia
835 403 1023 467 nostrorum
1046 401 1133 486 prin·
1254 403 1255 418 ¹

111 491 221 574 οὶρωιι
251 489 339 556 cruci
371 507 446 553 enm
472 488 595 554 Pilatus
628 487 805 572 addixisset,
836 489 1047 556 nihilominus
1078 489 1133 576 qui
1254 497 1255 508 ¹

109 579 253 663 primum
295 577 487 661 dilexerant,
528 580 782 662 perseverarunt
839 577 1003 662 Apparuit
1045 580 1167 656 enim5

110 667 158 732 eis
184 667 284 733 tertia
316 665 368 730 die
399 666 519 732 vivens.
569 664 675 732 Multa
701 669 741 730 et
772 665 852 731 haec
879 669 914 730 et
945 666 1010 731 alia
1036 667 1132 731 mira·

110 754 192 820 bilia
230 754 427 820 carminibus
461 753 693 839 prophetarum
730 753 769 820 de
802 775 841 820 eo
881 754 1132 820 vaticinantibus

111 847 145 908 et
175 865 280 928 nsque
313 842 409 909 hodie
441 840 700 908 Christianorum
732 863 812 928 gens
849 843 891 908 ab
922 843 984 910 hoc
1016 843 1133 910 sortite
1254 871 1255 914 Τ

110 931 306 997 vocabulum
333 953 401 998 non
424 928 567 996 defecit’.

514 1109 596 1203 Cup.
628 1109 734 1182 XIV.
1152 1149 1184 1198 10

202 1246 349 1313 Iustinus
368 1247 563 1314 Tiberianeis
586 1248 626 1312 de
643 1249 811 1332 provincia
830 1247 977 1314 Galilaea
995 1255 1130 1316 conetue

109 1339 214 1402 estet
231 1336 301 1420 ipse
319 1335 521 1400 iudaicarum
539 1358 647 1402 rerum
666 1337 839 1404 historiam
857 1342 966 1404 texere
985 1340 1018 1402 et
1036 1359 1130 1423 quoe·

110 1425 186 1492 dam
206 1425 489 1491 commentariolos
509 1423 750 1509 descriptoris.
789 1423 851 1491 Sed
870 1425 956 1491 hunc
974 1425 1130 1510 Iosephus

110 1513 223 1598 arguit
244 1512 412 1578 mendacii
454 1510 592 1579 Constat
614 1519 723 1580 autem
743 1514 836 1579 illum
855 1513 966 1579 eodem
984 1518 1130 1598 tempore
1254 1539 1255 1596 3

110 1601 282 1685 scripsisse
311 1623 375 1686 quo
399 1605 434 1666 et
454 1599 623 1686 Iosephus.
1152 1642 1183 1690 15
1254 1661 1255 1682 ,

531 1782 613 1873 Cup.
636 1781 719 1854 XV.

204 1917 353 1986 Clemens
373 1919 412 1984 de
436 1941 498 2004 quo
518 1919 686 2004 apostolus
705 1917 826 1986 Paulus
846 1919 887 1984 ad
905 1919 1129 2006 Philippenses

114 2009 259 2074 scribens
283 2007 342 2073 ait:
370 2005 456 2073 ‘oum
476 2005 643 2072 Clemente
667 2011 700 2072 et
723 2009 839 2074 ceteris
864 2010 1129 2092 cooperatoribus

109 2097 204 2181 meis,
242 2118 379 2183 quorum
411 2097 546 2161 nomina
578 2097 700 2180 scripta
732 2100 810 2162 sunt
841 2095 875 2162 in
906 2096 990 2161 libro
1022 2095 1129 2180 vitee',

109 2189 245 2270 quartus
281 2190 358 2269 post
388 2181 522 2250 Petrum
555 2183 678 2250 Romae
713 2185 899 2271 epiecopus,
936 2185 964 2249 si
1000 2183 1127 2269 quidem
1148 2219 1182 2266 20

110 2273 268 2339 secundus
298 2273 398 2339 Linus
421 2273 496 2358 fuit,
518 2272 635 2338 tertius
659 2273 853 2358 Aneoletus,
881 2273 1013 2339 temetsi
1035 2273 1128 2358 pleri·

109 2385 172 2516 pue
182 2361 376 2428 Latinorum
390 2359 567 2428 seeundum
581 2363 658 2448 post
672 2362 858 2447 apostolum
866 2360 999 2428 Petrum
1012 2367 1131 2448 putent

125 2453 212 2517 uisse
236 2449 443 2517 Clementem.

200 2538 340 2624 Scripsit
352 2559 392 2604 ex
406 2559 546 2623 persona
565 2538 717 2605 ecclesiae
731 2561 886 2606 romanae
905 2540 946 2606 ed
960 2539 1127 2606 ecclesium

112 2625 357 2694 corinthiorum
379 2627 473 2692 valde
497 2627 609 2692 utilem
632 2627 805 2713 epistulam
829 2632 861 2693 et
884 2650 966 2712 quae
989 2628 1025 2692 in
1046 2649 1126 2692 non·
1148 2661 1180 2710 25

108 2717 207 2782 nullis
235 2717 315 2782 locis
344 2717 443 2782 etiam
471 2715 598 2802 publice
625 2715 759 2802 legitur,
787 2737 869 2802 quee
896 2715 978 2780 mihi
999 2714 1127 2780 videtur

110 2806 288 2871 characteri
302 2805 469 2891 epistulae,
484 2827 566 2890 quae
580 2804 640 2870 sub
650 2803 743 2870 Pauli
756 2803 888 2870 nomine
903 2801 944 2868 ed
957 2800 1125 2872 Hebraeos

109 2893 221 2976 iertm,
245 2894 430 2980 convenire;
454 2893 509 2958 sed
529 2897 562 2958 et
580 2892 691 2958 multis
710 2892 748 2958 de
767 2891 879 2958 eedem
897 2891 1039 2979 epistula
1060 2916 1128 2960 non

110 2983 404 3068 columbensibus,
432 2982 488 3048 sed
510 2983 601 3048 iuxta
624 2981 797 3048 verborum
827 3004 953 3068 quoque
982 2982 1127 3050 ordinem

182 3129 198 3176 2
217 3121 271 3176 el:
289 3121 383 3192 gentis
400 3121 456 3189 sui3
476 3120 618 3177 Noriusbe
636 3121 770 3194 gentibue
787 3121 832 3177 sui
913 3129 929 3177 c
948 3123 1059 3177 Bamb.=
1079 3119 1128 3175 ad·

109 3193 238 3260 cinereo
256 3191 396 3248 Norimb.:
414 3191 570 3248 addidisset
654 3198 671 3248 ὁ
689 3193 787 3249 Bamb.
807 3197 838 3248 ct
855 3194 950 3260 Bern.;
967 3205 1127 3262 persevera·

108 3267 187 3389 {rin}
187 3282 226 3390 ἐξ
233 3261 355 3392 ε11((13ῗωη
366 3269 400 3318 le
421 3263 530 3318 Bamb.:
550 3262 697 3334 descripsit
770 3269 803 3319 18
822 3263 852 3319 cl
868 3263 939 3318 Phil.
958 3269 984 3330 4,
1003 3269 1019 3316 3

876 3419 913 3474 2*
