2522 3802
520 119 561 130 -
611 84 671 148 101
722 120 759 132 -

488 261 570 356 cap.
597 261 791 336 rxxffl.

217 397 420 482 Timotheus,
456 399 616 466 exstincto
654 399 696 466 ab
728 401 959 467 Alexandrinis
996 401 1144 468 Proterio

127 488 298 576 episcopo,
329 485 549 554 tumultuante
587 487 692 554 adhuc
728 489 823 572 plebe
863 493 921 555 aut
952 490 1057 557 voluit
1088 494 1146 556 aut

127 599 244 664 passus
268 579 318 642 est
342 598 376 642 se
400 576 441 642 ab
464 598 529 643 uno
549 577 701 662 episcopo
724 579 760 644 in
781 578 888 644 locum
907 579 1006 644 occisi
1024 579 1146 664 episco-

126 687 206 750 pum
228 665 309 732 fieri.
345 665 392 732 Et
412 685 454 730 ne
477 670 591 732 contra
612 666 719 752 legem
742 666 847 732 factus
870 667 985 732 merito
1006 667 1144 734 abicere·
1181 684 1198 733 s

126 759 181 820 tur
204 777 225 820 a
247 753 354 840 gretia
376 753 496 839 plebis,
519 776 601 840 quae
615 753 798 820 Proterium
821 776 954 821 exosum
977 755 1145 840 habuerat,

127 864 253 923 omnes,
278 843 395 930 quibus
418 841 475 907 ille
498 844 806 930 communicaverat,
835 841 1051 910 Nestorisncs
1075 865 1145 910 esse

126 931 366 1016 pronuntiavit,
393 934 427 996 et
452 931 614 998 maculam
642 931 859 998 conscientiae
882 934 1066 1000 temeritate
1089 933 1145 998 ab·

129 1019 281 1088 luendam
303 1040 513 1106 praesumens
537 1021 666 1105 scripsit
688 1019 730 1086 ad
751 1019 894 1088 Leonem
917 1023 1146 1108 imperatorem

127 1107 274 1175 libellum
300 1107 394 1174 valde
417 1107 613 1192 suasorium,
641 1131 738 1194 quem
760 1133 862 1194 pravo
890 1132 987 1176 sensu
1010 1110 1145 1176 Patrum
1166 1127 1199 1177 lo

127 1197 324 1263 testimoniis
347 1198 382 1262 in
404 1199 534 1262 tantum
556 1197 710 1263 roborare
729 1201 865 1263 conatus
884 1202 948 1283 est,
970 1203 1007 1264 ut
1030 1198 1071 1264 ad
1094 1198 1145 1264 de·

127 1286 311 1372 cipiendum
329 1285 558 1370 imperatorem
578 1289 611 1350 et
625 1307 718 1352 suam
732 1285 871 1353 heresim
886 1285 1145 1352 constituendam

127 1395 231 1459 paene
253 1373 409 1458 Leonem,
431 1373 521 1440 urbis
544 1371 668 1440 Romae
694 1375 889 1459 pontificem,
914 1377 947 1439 et
970 1372 1146 1440 Chalcedo-

127 1483 263 1528 nensem
287 1463 446 1547 synodum
469 1484 507 1527 ac
529 1465 618 1528 totos
643 1462 858 1529 occidentales
882 1462 1052 1546 episcopos
1074 1463 1145 1528 illo·

128 1573 201 1616 rum
230 1551 426 1616 adminiculo
448 1549 661 1617 Nestorianoa
690 1551 884 1618 ostenderet
930 1549 993 1616 Sed
1015 1551 1145 1616 favente
1164 1567 1198 1617 15

128 1638 198 1706 Dec
222 1662 242 1705 a
265 1637 521 1705 chalcedonensi
544 1640 683 1706 concilio
705 1640 810 1706 hostis
833 1639 987 1706 eeclesiae
1010 1659 1144 1724 coargu-

127 1732 181 1794 tus
212 1733 245 1793 et
274 1729 461 1794 confutatus
491 1732 549 1794 est
594 1727 713 1794 Vivere
743 1729 847 1796 adhuc
874 1728 910 1796 in
938 1727 1050 1794 exsilio
1079 1729 1146 1794 iem

128 1817 349 1882 heresiarches
373 1817 492 1883 dicitur
514 1819 548 1882 et
569 1817 716 1884 habetur.

487 2014 571 2106 Cap.
599 2013 785 2086 LXXIV.

217 2152 390 2238 Asclepius
422 2151 516 2237 Afer,
547 2151 582 2216 in
614 2149 747 2217 Baiensi
778 2152 942 2218 territorio
980 2151 1044 2218 vici
1080 2174 1145 2218 non
1165 2171 1200 2221 so

128 2241 263 2327 grandis
286 2242 472 2327 episcopus,
495 2240 626 2325 scripsit
644 2240 814 2308 adversum
833 2239 975 2308 Arianos
998 2247 1032 2306 et
1049 2240 1145 2308 modo

128 2329 300 2396 adversum
318 2329 511 2396 Donatistae
535 2329 674 2396 scribere
697 2329 823 2398 dicitur.
859 2329 900 2396 In
923 2329 1068 2398 docendo
1091 2352 1146 2396 au·

128 2421 195 2484 tem
218 2439 258 2484 ex
279 2423 426 2504 tempore
449 2418 566 2504 grandi
589 2418 744 2504 opinione
768 2419 957 2486 celebratur.

505 2618 588 2710 cap.
616 2617 778 2690 assu

218 2753 345 2840 Petrus,
367 2755 552 2822 Edessenae
575 2755 728 2822 eeclesiae
745 2755 927 2840 presbyter,
950 2754 1146 2820 declamator
1164 2771 1198 2821 so

126 2843 265 2929 insignis
297 2845 462 2910 variarum
494 2867 665 2911 causarum
696 2847 855 2908 tractatus
889 2846 923 2907 et
954 2843 989 2907 in
1022 2863 1144 2908 morem

128 2931 233 2998 sancti
254 2931 400 3020 Ephrem
423 2933 551 3000 diaconi
574 2932 718 3018 psalmos
741 2933 845 2995 metro
869 2931 1060 3015 composuit.

201 3123 332 3181 '1Bernz
351 3142 422 3196 quos
495 3131 529 3180 10
547 3123 662 3182 Bamh.:
680 3123 775 3195 pravis
849 3129 883 3180 14
901 3123 952 3182 al:
972 3123 1093 3180 aliorum

129 3201 162 3250 16
181 3195 277 3252 Banu:
297 3196 460 3268 coarguitur
477 3199 508 3252 et
526 3197 687 3254 confutetur
791 3201 824 3252 18
843 3193 938 3252 Barna
958 3195 1056 3252 haberi

127 3271 163 3322 20
181 3265 293 3322 Bamb.=
311 3267 342 3322 in
360 3265 507 3350 campensi
525 3266 667 3324 territorio
686 3265 773 3324 vicini
790 3267 919 3338 grmdis3
938 3267 1034 3323 Berua
1053 3265 1083 3322 in
1097 3283 1144 3324 va-
1233 3281 1234 3284 ’

127 3336 208 3406 gensi
225 3337 367 3392 territorio
386 3337 495 3392 vicinae
514 3338 629 3407 mdis
1232 3345 1233 3379 i
