2512 3794
510 109 733 174 ‚22-

113 248 276 316 Neronem
307 248 545 334 perseeutione,
578 248 737 334 Smyrnae
768 246 903 316 sedante
930 250 1127 334 proconsule

114 342 147 404 et
169 338 319 402 universo
337 337 459 421 populo
478 338 514 404 in
532 337 773 423 amphitheatro
792 337 946 404 adrassus
965 359 1040 404 eum
1058 359 1131 423 per·

113 429 264 509 sonante,
293 425 362 510 igni
391 426 532 492 traditus
555 429 613 492 est
666 424 806 510 Scripsit
833 426 875 492 ad
904 425 1131 512 Philippenses
1250 423 1251 428 ’

112 513 205 582 valde
240 513 354 580 utilem
387 513 575 598 epistulam,
603 535 685 598 quae
712 535 816 599 usque
842 514 939 582 hodie
965 515 1001 580 in
1027 515 1129 582 Asiae

78 606 276 670 occurentu
298 603 426 689 legitur.

491 694 575 838 cap
605 746 758 821 xvim

200 885 333 971 Papias,
356 883 514 950 Iohannis
541 883 679 970 auditor,
700 884 967 970 Hierapolitanos
990 886 1025 951 in
1048 887 1131 952 Asia

113 975 296 1059 episcopus,
332 973 474 1058 quinque
505 975 634 1040 tantm
666 975 797 1058 scripsit
828 975 1010 1058 solumina,
1043 995 1127 1059 quse

112 1062 329 1148 praenotavit:
347 1059 544 1146 Explanatio
564 1083 750 1128 sermonum
764 1059 909 1130 Domini,
949 1062 989 1128 In
1008 1063 1127 1149 quibus

60 1171 93 1219 ιο
112 1173 184 1218 oum
213 1171 247 1216 se
274 1151 308 1215 in
337 1149 542 1235 praefatione
569 1155 696 1216 asseret
722 1173 790 1216 non
818 1152 926 1217 rarius
956 1152 1129 1238 opiniones

112 1240 217 1326 sequi,
241 1240 297 1306 sed
320 1238 487 1323 apostolos
510 1239 630 1305 habere
654 1243 815 1323 auctores,
839 1241 899 1305 ait:
929 1239 1126 1306 ‘considera-
1250 1277 1251 1286 κ

111 1330 187 1394 bam
214 1329 291 1414 quid
315 1326 475 1406 Andreas,
503 1328 581 1414 quid
603 1327 720 1394 Petrus
748 1327 919 1412 dixissent,
950 1327 1027 1413 qnid
1050 1327 1128 1394 Phi·

110 1418 233 1502 lippus,
256 1416 332 1502 qnid
354 1413 511 1502 Thomas,
534 1417 611 1502 quid
633 1416 742 1500 Iacob,
766 1417 843 1502 quid
863 1415 1049 1482 Matthaeus
1073 1417 1127 1482 vel

112 1507 195 1572 elius
209 1505 345 1590 quilibet
363 1503 595 1588 discipulorum
610 1503 753 1588 Domini,
766 1505 845 1592 quid
859 1507 958 1570 etiam
972 1505 1128 1572 Aristion

60 1613 93 1661 1o
113 1597 147 1659 et
169 1595 278 1660 senior
290 1592 467 1673 Iohannes,
485 1593 636 1677 discipuli
650 1592 785 1659 Domini
802 1595 1021 1679 loquerentur.
1053 1592 1132 1660 Non

112 1684 197 1748 enim
215 1686 345 1747 tantum
364 1681 445 1746 mihi
462 1681 539 1746 libri
553 1682 595 1746 ad
612 1681 786 1768 legendum
804 1687 952 1768 prosunt,
971 1686 1131 1768 quantum

111 1772 186 1836 vivs
207 1793 270 1836 vox
292 1773 326 1834 et
347 1792 449 1854 usque
467 1769 564 1835 hodie
583 1771 617 1836 in
635 1771 702 1836 suis
722 1771 909 1837 auctoribus
927 1769 1130 1857 personans?

110 1858 244 1944 Exque
264 1862 401 1944 apparet
419 1858 458 1923 de
476 1858 548 1942 ipso
567 1857 719 1946 catalogo
738 1860 918 1944 nominum,
937 1859 1037 1925 clium
1057 1881 1130 1926 esse

110 1947 291 2014 Iohannem
319 1947 374 2032 qui
401 1946 488 2012 inter
516 1948 682 2032 apostolos
709 1949 857 2032 ponitur,
890 1951 923 2012 et
951 1948 1052 2013 alium
1082 1969 1133 2013 se·

59 2056 93 2104 20
112 2037 236 2102 niorem
264 2036 457 2121 Iohannem,
487 2057 584 2120 quem
613 2041 689 2119 post
716 2035 919 2102 Aristionem
952 2042 1130 2103 enumerat

112 2123 185 2191 Hoc
203 2129 311 2191 autem
325 2123 462 2189 dicimus
476 2127 611 2210 propter
630 2125 829 2212 superiorem
849 2125 1043 2210 opinionem,
1067 2146 1132 2210 qua

113 2237 133 2279 a
155 2215 319 2300 plerisque
346 2212 532 2278 rettulimus
556 2213 712 2278 traditum
740 2214 821 2280 duas
845 2213 1042 2300 posteriores
1066 2215 1133 2298 epi-

113 2303 215 2368 stulas
234 2302 391 2368 Iohannis
414 2323 483 2366 non
506 2301 648 2386 apostoli
667 2323 753 2388 esse,
776 2302 833 2367 sed
850 2303 1041 2387 presbyteri.
1068 2301 1133 2368 Hic

113 2391 230 2456 dicitur
257 2411 414 2456 annornm
443 2389 532 2454 mille
559 2390 720 2456 iudaicam
749 2390 887 2456 edidisse
918 2389 1132 2477 δευτέρωσιν.

59 2498 93 2546 so
113 2479 217 2558 Quem
244 2479 347 2544 secuti
376 2481 454 2543 sunt
480 2477 635 2544 heuneus
669 2483 701 2544 et
731 2477 933 2566 Apollinaris
963 2483 996 2544 et
1023 2479 1132 2564 ceteri,

112 2568 169 2722 {Ui
196 2571 272 2670 post
298 2567 567 2632 resurrectionem
599 2567 691 2633 siunt
718 2568 753 2632 in
781 2588 877 2632 carne
905 2589 979 2634 oum
1007 2568 1130 2634 sanctis

144 2657 578 2830 oml'lllrllmliffludlldldue
606 2745 641 2809 in
663 2743 746 2810 libro
778 2744 817 2810 de
841 2741 905 2832 Spe
929 2743 1073 2809 fidelium
1096 2747 1131 2810 et

112 2833 303 2900 Victorinus
331 2831 572 2898 Pitabionensis
605 2835 638 2899 et
666 2831 855 2900 Lactantius
889 2833 951 2898 hac
978 2833 1132 2919 opinione

61 2943 96 2992 30
115 2921 284 2990 ducuntur.

183 3077 331 3136 tBamh.=
354 3077 384 3134 in
401 3079 471 3134 Asia
489 3075 642 3134 conventui
732 3085 765 3135 1³
789 3079 839 3135 alii
857 3079 978 3135 addunt:
997 3079 1067 3147 qnid
1086 3079 1128 3134 Io·

112 3153 218 3208 harnes
274 3155 306 3205 lt
325 3148 435 3206 Vat.:l
472 3149 932 3220 ueebmtmnl.=1oqu0mneur
987 3156 1026 3218 .¹.³
1046 3149 1129 3205 Bern.

114 3227 144 3280 st
160 3221 301 3279 Norimb.=
319 3238 367 3290 εις
385 3219 457 3276 Bam
477 3241 497 3278 ,ε
516 3220 547 3276 in
607 3226 640 3276 til
661 3219 773 3277 Bamh:
793 3237 878 3290 quam
897 3219 1071 3290 splerioque
1088 3237 1132 3276 ra·

113 3295 230 3352 tulimus
247 3293 383 3351 traditm
458 3297 493 3348 23
512 3306 567 3348 esse
584 3289 785 3348 deestinVot.
858 3297 893 3348 29
908 3291 1006 3348 Bamb.
1026 3291 1132 3348 etNo-

114 3366 209 3422 rimb.:
228 3363 449 3422 Pictorionensis
520 3361 661 3418 Norint:
679 3362 710 3416 in
727 3361 801 3417 hanc
820 3361 982 3431 opinionem
