2522 3802
528 126 748 190 -91-

125 261 259 330 indiciis
281 263 317 327 in
339 263 471 329 modum
495 265 599 331 sancti
613 263 768 350 Cypriani
787 268 938 352 martyria
957 267 1143 355 praesigna·

124 356 210 418 tom.
246 349 424 437 Postquam
442 373 519 419 vero
538 354 699 419 hereticus
718 355 902 440 publicatus
926 360 988 442 est,
1013 358 1144 442 scripsit

13 453 14 458 ’
126 439 235 506 heresi
258 460 336 505 suae
358 441 511 506 faventia

513 621 596 714 Cep.
628 621 768 696 XLIV.

216 755 440 841 Innocentius,
464 759 553 826 urbis
577 759 701 826 Romae
724 761 910 846 episcopus,
934 761 1064 844 scripsit
1086 761 1175 826 deo

123 848 251 911 cretum
273 846 522 912 occidentalium
544 849 753 915 ecclesiarum
777 850 928 915 adversus
947 849 1141 934 Pelagianos

123 934 254 1019 datam,
281 934 367 1018 qood
394 939 509 1019 postea
537 957 703 1003 successor
725 939 794 1004 eius
816 957 902 1024 papa
924 935 1072 1004 Zosimus
1095 938 1140 1003 la·

123 1023 191 1088 tius
216 1021 449 1108 promulgavit.
832 1027 839 1036 “

468 1199 470 1204 ’
521 1171 603 1261 Gap.
635 1170 752 1242 XLV.

216 1303 410 1390 Caelestius,
437 1311 612 1392 antequam
635 1307 768 1394 Pelagio
792 1313 1010 1391 concurreret,
1038 1309 1138 1373 immo
1160 1323 1192 1372 10

122 1393 230 1460 adhuc
254 1394 450 1479 adulescens,
474 1396 605 1480 scripsit
627 1396 669 1460 ad
686 1400 837 1480 parentes
861 1418 937 1462 suos
961 1395 1011 1460 ‘de
1029 1418 1141 1461 mona·

124 1481 239 1548 aterio’
263 1484 419 1567 epistulas
438 1485 474 1548 in
491 1485 623 1550 modum
641 1483 825 1549 libellorum
844 1487 910 1550 tres
929 1485 1019 1550 omni
1035 1483 1140 1550 Deum

121 1571 322 1637 desideranti
343 1573 542 1638 necessarias
565 1573 717 1656 morales,
737 1573 894 1658 siquidem
918 1573 1018 1638 ineis
1042 1573 1139 1638 dictio

121 1659 208 1724 nihil
235 1659 306 1724 vitii
333 1660 541 1746 postmodum
568 1662 701 1746 proditi,
729 1661 785 1727 sed
812 1665 919 1728 totum
942 1661 983 1726 ad
1008 1661 1139 1727 rimatis

122 1747 370 1814 incitamentum
393 1754 620 1836 argumentum
643 1751 757 1816 tenuit.
1159 1761 1192 1810 15

506 1949 588 2040 Gap.
621 1949 760 2022 XLVI.

212 2080 358 2150 Iulianus
386 2085 570 2170 episcopus,
602 2087 652 2152 vir
681 2109 755 2152 acer
781 2087 927 2173 ingenio,
959 2085 994 2150 in
1022 2083 1140 2149 divinis

122 2170 293 2254 seripturis
312 2172 628 2256 doct1s‚Graecaet
647 2174 766 2240 Latina
783 2176 897 2261 lingua
916 2172 1159 2256 scholasticus„

122 2261 311 2344 priusquam
339 2261 540 2345 impietatem
572 2261 696 2349 Pelagii
724 2265 758 2329 in
787 2285 821 2329 se
849 2263 1003 2348 aperiret,
1032 2261 1138 2327 clarus

122 2349 158 2412 in
182 2347 368 2414 doctoribus
392 2351 544 2416 ecelesiae
566 2352 637 2417 fuit
674 2351 792 2418 Postea
814 2373 891 2418 vero
914 2351 1054 2416 heresim
1077 2349 1138 2415 Pe·
1157 2361 1192 2410 20

122 2435 202 2522 lagii
230 2437 398 2504 defendere
430 2440 520 2504 nisus
553 2441 683 2525 scripsit
710 2441 881 2507 adversum
908 2439 1137 2525 Augustinum,

121 2525 384 2610 impugnatorem
411 2527 513 2612 illius,
540 2529 641 2594 libros
663 2527 713 2594 IV
741 2534 774 2595 et
797 2532 915 2595 iterum
937 2529 1039 2594 libros
1062 2525 1137 2592 VH.

121 2610 185 2678 Est
208 2617 241 2678 et
262 2615 344 2681 liber
367 2616 586 2682 altercationis
611 2616 779 2682 amborum
802 2622 913 2704 partes
936 2638 1011 2682 suas
1030 2615 1137 2680 defen·

193 2793 210 2840 2
229 2785 326 2844 Bamb.
347 2791 377 2846 et
393 2789 534 2845 Norint:
552 2793 618 2860 post
634 2790 775 2846 hereticus
793 2789 953 2860 publicatus
1002 2793 1018 2844 6
1037 2785 1136 2843 Bamb.

121 2862 153 2915 et
170 2857 297 2914 Norimb.
316 2861 435 2916 addunt:
455 2863 485 2915 et
502 2861 681 2915 orientalium
750 2867 784 2914 10
803 2859 942 2916 Norint:
963 2859 1136 2915 Caelestinus

185 2929 324 2986 Norint:
343 2931 527 3002 Pelag‘anurn
546 2929 649 3002 dogma
667 2930 822 2986 incurrerat
895 2937 927 2986 12
947 2929 1058 2986 Bamb.:
1078 2929 1136 3000 epi-

122 3001 227 3056 stulam
246 3041 253 3055 .
274 3039 280 3052 .
299 3001 391 3058 libelli
465 3007 498 3056 14
516 3000 596 3055 Vat:
616 3000 689 3055 nihil
707 2999 748 3053 ibi
766 2999 830 3056 vitii
916 3008 950 3056 15
967 3000 1137 3057 vocabulum

124 3073 344 3142 ‘argumentum’
366 3072 462 3128 inveni
479 3072 509 3128 in
524 3072 589 3127 Vat.
607 3071 638 3126 in
656 3070 749 3140 capite
768 3071 897 3140 sequenti
914 3074 993 3141 post:
1012 3071 1137 3126 Iulianus

122 3143 284 3213 episcopus;
303 3159 399 3198 omnes
414 3143 607 3227 scribuntzad
625 3142 840 3224 incitamentum
860 3142 964 3207 tenuit3
984 3141 1060 3264 qugd
1075 3158 1137 3196 sen·

122 3213 803 3366 affilaglstffltttfflltuw
821 3211 889 3338 ⁰r
910 3229 1008 3340 aa
1025 3213 1137 3339 nr

122 3371 199 3424 prius
218 3370 286 3426 ergo
306 3369 392 3424 quarn
463 3361 498 3410 23
517 3355 629 3415 Bamb.:
647 3373 695 3412 am
716 3373 796 3412 arum
813 3354 936 3426 partium
