2512 3794
518 98 734 161 ..24-

117 238 277 326 quaedam
310 237 451 304 barbara
482 237 617 303 nomina
653 241 688 302 et
722 236 818 302 deum
849 235 1027 301 maximum
1064 235 1143 300 eius

117 327 282 412 Abraras,
305 325 362 412 qui
385 327 479 410 quasi
501 347 622 392 annum
641 325 813 392 continens
831 324 923 390 iuxta
936 322 1141 390 Graecorum

116 413 252 482 nomina
279 415 482 499 supputetur.
527 413 674 480 Moratus
701 416 812 479 autem
839 415 889 478 est
910 411 1086 496 Basilides,
1116 433 1143 476 a

118 525 185 588 qno,
205 503 362 589 gnostici,
380 502 415 568 in
428 499 628 568 Alexandria
646 501 848 585 temporibus
862 499 1030 566 Hadriani.
1061 497 1142 577 Qua

84 607 101 657 t
120 593 316 676 tempestate
340 595 373 658 et
395 588 577 673 cochebas,
604 589 668 654 dux
690 589 836 656 iudaicae
859 588 1020 674 factionis,
1042 587 1140 654 (lhri-

119 681 244 748 stianos
266 679 365 747 variis
389 677 554 763 suppliciis
578 677 731 744 enecavit.

506 856 589 948 Gap.
621 857 754 929 XXII.

208 995 429 1082 Hegesippns,
465 996 590 1060 vicinus
628 995 850 1079 apostolorum
882 1001 1064 1080 temporum
1104 1000 1141 1060 et

121 1105 234 1151 omnes
257 1106 278 1148 u
300 1084 450 1169 passione
464 1082 597 1149 Domini
619 1105 722 1170 usque
746 1083 787 1149 ed
805 1105 897 1150 suam
920 1087 1062 1150 aetatem
1086 1103 1138 1149 ec-

68 1190 103 1240 ro
121 1173 375 1240 clesiasticorum
408 1176 539 1238 actuum
570 1176 684 1238 texens
716 1171 871 1238 historias
898 1173 1063 1258 multaque
1095 1172 1138 1236 sd

120 1261 298 1328 utilitatem
320 1260 499 1348 legentium
517 1261 717 1344 pertinentia
736 1261 905 1326 hincinde
923 1281 1139 1347 congregans,

121 1352 262 1437 quinque
280 1349 381 1415 libros
400 1350 585 1434 composuit
604 1370 751 1415 sermone
770 1349 919 1434 simplici,
933 1353 980 1432 ut,
998 1369 1138 1434 quorum

120 1440 223 1504 vitam
242 1438 438 1521 sectabatur,
452 1435 579 1503 dicendi
591 1459 719 1524 quoque
733 1439 927 1522 exprimeret
940 1437 1139 1503 charactera.

119 1526 249 1593 Asserit
279 1527 463 1591 sevenisse
492 1527 553 1591 sub
576 1525 716 1593 Aniceto
738 1526 892 1611 Romam,
914 1527 970 1612 qui
993 1526 1139 1592 decimus

67 1631 101 1681 15
120 1618 197 1700 post
219 1614 351 1680 Petrum
374 1613 546 1698 episcopus
568 1615 645 1696 fuit,
668 1619 702 1679 et
724 1635 948 1698 perseverasse
971 1635 1072 1699 usque
1096 1614 1139 1680 ad

120 1703 357 1787 Eleutherium,
389 1701 533 1766 eiusdem
565 1703 657 1767 urbis
689 1703 891 1790 episcopum,
923 1703 978 1788 qui
1006 1703 1140 1770 Aniceti

121 1792 285 1877 quondam
307 1791 462 1856 diaconus
485 1789 601 1856 fuerat

209 1878 382 1945 Praeterea
400 1877 571 1944 adversum
590 1878 678 1945 idola
697 1879 884 1966 disputans,
907 1901 972 1966 quo
995 1881 1138 1964 primum

121 1989 229 2034 errore
248 1968 435 2050 crevissent,
457 1965 601 2032 subtexit
625 1967 810 2053 historiam,
832 1990 871 2034 ex
895 1990 960 2054 qua
983 1969 1138 2053 ostendit,

67 2074 103 2124 20
122 2079 187 2143 qua
204 2059 312 2123 aetate
329 2055 504 2122 floruerint
536 2055 594 2121 Ait
607 2057 708 2121 enim:
727 2055 881 2123 ‘tumulos
900 2057 1038 2128 mortuis
1056 2061 1139 2123 tem-

121 2147 241 2232 plaque
269 2144 427 2226 fecerunt,
455 2145 540 2210 sicut
566 2145 662 2210 hodie
685 2145 846 2230 ridemus,
874 2168 912 2212 ex
941 2147 1059 2232 quibus
1089 2151 1140 2212 est

122 2235 304 2319 Antinous,
327 2254 439 2300 servus
462 2229 622 2298 Hadriani
646 2231 809 2320 Caesaris,
836 2236 927 2301 ouius
952 2239 986 2302 et
1008 2237 1138 2322 gymni-

123 2344 180 2388 cus
198 2342 286 2407 agon
304 2325 470 2388 exercetur
483 2321 658 2406 Antinous,
677 2323 906 2408 civitatemque
925 2345 965 2389 ex
979 2325 1048 2390 eius
1062 2346 1138 2390 con·

123 2410 205 2476 didit
227 2411 359 2476 nomine
383 2415 417 2476 et
438 2410 615 2494 propbetas
640 2412 757 2476 statuit
779 2411 814 2476 in
836 2411 980 2497 templo?

66 2515 102 2566 25
211 2499 390 2564 Antinoum
419 2503 528 2564 autem
556 2500 591 2563 in
622 2499 745 2565 deliciis
773 2501 928 2567 habuisse
950 2499 1138 2566 Hadrianus

123 2585 246 2655 Caesar
267 2587 427 2654 scribitur.

500 2731 582 2824 Oop.
606 2731 762 2806 XXIII.

212 2872 357 2938 Iustinus
381 2869 510 2955 philoso
532 2868 610 2956 bue,
637 2871 753 2937 babitu
775 2893 903 2958 quoque
926 2871 1138 2957 philosopho·

119 2983 192 3027 rum
224 2961 391 3045 incedens,
425 2957 464 3024 de
531 2959 652 3044 eapoli,
684 2959 765 3025 urbe
793 2959 1014 3044 Palaestinae,
1046 2963 1139 3046 petro

193 3141 210 3190 3
229 3134 341 3191 bamb:
358 3136 484 3189 mortuus
502 3134 546 3188 est
563 3135 658 3189 autem
743 3140 774 3190 to
793 3133 891 3190 Bamb.
910 3135 940 3188 et
958 3133 1036 3190 vat:
1056 3134 1137 3190 Eleu-

122 3206 226 3264 terium
312 3209 344 3260 18
364 3205 474 3262 bamb:
494 3203 627 3273 qnoniam
714 3209 747 3259 1o
766 3203 907 3259 Nofimh:
926 3203 1070 3260 subtexuit

122 3285 157 3334 21
178 3279 227 3335 al.=
246 3294 335 3348 usque
352 3274 436 3332 hodie
509 3279 543 3328 22
562 3272 613 3327 al:
637 3273 682 3326 oui
754 3280 788 3328 2³
808 3271 947 3328 Norimb.:
967 3275 1042 3342 epnd
1060 3275 1138 3330 Anti·

125 3367 213 3407 noum
229 3345 390 3416 civitatem
409 3345 519 3402 Bamh:
538 3343 691 3398 Antinoum
710 3342 911 3410 civitatemque
