2522 3802
497 121 533 131 ..
584 87 626 150 53
677 124 712 132 .-

468 263 549 358 Oop.
582 263 743 338 CXXII

184 400 414 485 Latronianus,
436 401 620 487 provinciae
643 401 832 488 Hispaniae,
854 403 904 468 vir
926 403 1018 470 valde
1059 428 1112 471 ru-

94 489 184 556 ditus
221 493 255 555 et
290 489 324 554 in
359 491 494 557 metrico
532 510 629 574 opere
667 490 829 556 veteribus
866 513 1020 576 compara
1064 516 1112 579 us,

6 609 8 616 >
92 599 209 644 caesus
228 581 279 643 est
292 582 325 642 et
338 578 408 662 ipse
422 578 570 644 lbeveris
584 599 657 644 eum
671 578 886 664 Priscilliano‚
903 578 1112 664 Felicissimo,

91 667 221 733 Iuliano
258 671 291 732 et
322 665 514 751 Euohrotia,
551 666 695 732 eiusdem
731 667 883 734 factionis
916 669 1146 736 auctoribuso

91 756 237 822 Exstant
258 755 328 820 aius
352 775 449 840 opera
473 755 607 821 diversis
630 756 742 821 metris
766 755 859 821 edita.

453 988 535 1082 cap.
568 988 753 1062 oxxrrr.

181 1125 378 1192 Tiberianus
401 1125 552 1192 Baeticus
577 1127 707 1212 scripsit
734 1148 793 1210 pro
817 1125 1017 1212 suspicione,
1047 1150 1111 1213 qua

92 1237 166 1281 oum
190 1213 395 1280 Priscilliano
425 1216 638 1282 accusabatur
659 1215 824 1298 hereseos,
847 1214 1110 1301 ‘apologeticum'

90 1303 235 1369 tumenti
273 1304 516 1390 compositoque
556 1307 714 1370 sermone.
768 1301 831 1369 Sed
866 1307 942 1387 post
979 1325 1110 1370 suorum
1132 1321 1163 1370 10

90 1392 223 1458 eaedem
257 1392 366 1459 taedio
400 1394 506 1458 victus
540 1393 641 1478 exilii,
674 1392 812 1458 mutavit
843 1392 1049 1476 propositum
1078 1399 1111 1459 et

92 1481 183 1546 iuxta
207 1484 356 1547 sanctam
375 1482 568 1566 scripturam
592 1481 695 1547 ‘canis
718 1502 864 1546 reversus
889 1480 930 1545 ad
953 1482 1111 1548 vomitum

91 1569 199 1636 euum’
222 1569 339 1654 filiam,
367 1571 518 1636 devotam
541 1568 672 1636 Christo
700 1569 874 1654 virginem,
902 1569 1110 1636 matrimonio

91 1658 266 1745 copulavit.

455 1821 537 1914 Cup.
570 1819 747 1892 CXXIV.
1130 1849 1161 1899 15

179 1957 385 2044 Ambrosius,
399 1958 653 2026 Mediolanensis
662 1959 843 2044 episcopus,
857 1959 1006 2043 usquein
1021 1982 1110 2044 prae

89 2051 216 2113 sentem
227 2047 312 2112 diem
321 2047 447 2132 scribit3
460 2047 499 2112 de
510 2069 583 2133 quo,
593 2047 670 2134 quia
676 2051 832 2132 superest,
840 2069 948 2112 meum
956 2048 1110 2114 iudicium

90 2136 295 2220 subtraham,
321 2157 362 2200 ne
385 2137 421 2200 in
445 2137 635 2202 alterutram
663 2139 789 2221 partem
818 2139 876 2202 ant
908 2135 1052 2202 adulatio
1076 2135 1110 2200 in

92 2248 144 2290 me
167 2223 423 2310 reprehendatur
445 2229 503 2290 aut
524 2226 652 2291 veritas.

465 2457 547 2551 cap.
580 2457 733 2530 CXXV.
1128 2496 1162 2544 20

178 2597 355 2682 Euagrius,
364 2595 558 2662 Antiochiae
573 2595 753 2681 episcopus,
767 2596 851 2662 acris
866 2602 899 2662 et
911 2599 1109 2682 praestantis

90 2684 225 2772 ingenii,
243 2707 317 2752 oum
335 2684 441 2751 adhuc
460 2687 545 2751 esset
562 2684 741 2771 presbyter,
764 2685 964 2752 diversarum
984 2679 1108 2750 ὑποθέ-

89 2791 179 2840 σεων
204 2777 365 2840 buchtun
387 2773 469 2840 mihi
491 2774 581 2859 legit,
604 2795 686 2858 quos
708 2773 846 2839 necdum
869 2773 983 2857 edidit3
1006 2773 1109 2838 vitam

90 2885 220 2948 qnoque
243 2864 331 2929 beati
349 2863 487 2929 Antonii
509 2862 548 2928 de
567 2882 684 2947 graeco
702 2861 878 2928 Athanasii
899 2861 935 2926 in
959 2864 1108 2928 nostrum

87 2973 274 3018 sermonem
295 2951 473 3017 transtulit
1126 2971 1161 3022 25

159 3126 279 3182 evat:
305 3125 402 3181 ordine
510 3123 624 3180 tVatz
651 3123 801 3196 Eogrolia3
824 3123 938 3180 Bamb.=
961 3123 1106 3188 Euerotia3

86 3197 228 3254 acrinus
242 3197 379 3268 nuuopia
454 3201 486 3250 re
501 3195 536 3250 ee
550 3201 576 3250 a.
592 3195 666 3252 reu.
685 3201 711 3262 a,
730 3201 765 3252 aa
838 3201 872 3250 se
890 3195 1000 3251 namu:
1019 3193 1107 3249 aliam

86 3286 168 3326 snam
246 3268 358 3324 Bamb.=
377 3265 557 3324 matrimonio
575 3266 619 3321 sui
636 3307 643 3321 .
658 3306 688 3321 ..
707 3268 787 3322 Bern.
807 3269 837 3322 et
853 3266 993 3322 Norimb.=
1013 3265 1107 3320 matri·

86 3339 183 3398 monio
201 3339 258 3396 sibi
276 3382 306 3396 ..
379 3343 411 3392 21
431 3336 529 3392 Bamb.
549 3339 579 3392 et
596 3337 737 3393 Norimb.:
756 3336 890 3392 imantia
