2522 3802
500 140 738 205 ..109-

523 283 605 377 Gap.
629 285 727 357 XOI.

193 403 408 488 Theodulus,
438 403 610 489 presbyter
637 406 672 471 in
700 404 898 492 coelesyria,
925 407 1029 472 multa
1055 427 1131 472 cou-

79 493 283 580 scripsisse
310 493 437 578 dicitur,
465 491 521 558 sed
551 493 592 558 ad
619 517 670 560 me
702 493 877 560 libencius
901 495 1002 579 venit,
1032 516 1128 580 quem

82 583 149 648 ‘dc
178 582 405 648 consonantia
427 581 556 648 divinae
575 581 765 669 scripturae'
789 584 989 668 composuit,
1012 582 1046 648 id
1069 585 1129 668 est,

85 671 232 736 vetoris
257 675 291 736 et
312 671 390 737 novi
412 672 612 756 testamenti,
641 672 813 738 adversum
837 673 988 757 antiquos
1011 671 1130 737 bereti·
1168 685 1184 736 ο

89 783 175 845 cos,
202 759 263 844 qui
286 763 422 844 propter
444 757 659 829 differentiam
681 763 927 846 praeceptorum
950 761 1002 825 vel
1032 759 1130 826 caeri-

92 849 299 914 monianum
331 847 431 913 alium
464 847 581 914 veteris
614 851 802 916 testamenti
830 849 936 915 Deum
973 849 1130 932 dixerunt,

95 937 213 1002 alium
246 937 335 1004 novi.
393 935 433 1002 In
487 958 528 1002 uo
562 939 705 1004 ostendit
741 938 993 1023 dispensationis
1029 937 1130 1003 fuisse

96 1026 208 1091 unius
239 1025 446 1111 eiusdemque
508 1025 551 1110 ei,
578 1028 720 1094 auctoris
748 1027 916 1113 utriusque
940 1025 1130 1110 scripturae,

98 1119 143 1180 ut
168 1115 240 1180 alia
262 1135 321 1199 per
342 1113 479 1199 Moysen
507 1115 649 1200 antiquis
677 1115 809 1181 daretur
836 1115 872 1180 in
900 1115 1130 1181 sacrificiorum
1151 1129 1184 1177 lo

102 1203 318 1272 caerimoniis
333 1205 366 1268 et
379 1201 569 1267 iudiciorum
588 1203 933 1288 animadversionibus,
951 1203 1017 1268 alia
1033 1202 1129 1268 nobis

107 1307 172 1378 per
196 1289 322 1358 Ohristi
344 1291 564 1375 praesentiam
586 1292 622 1356 in
645 1291 747 1357 sacris
770 1291 932 1376 mysteriis
955 1295 990 1356 et
1011 1290 1130 1356 futuris

106 1380 433 1464 repromissionibus3
465 1400 524 1444 nec
557 1379 685 1446 diversa
712 1380 799 1446 credi
826 1379 942 1445 debere
974 1381 1032 1444 aut
1062 1399 1131 1443 non

109 1489 179 1534 uno
204 1469 321 1554 spiritu
344 1471 378 1533 et
394 1489 459 1534 uno
483 1471 613 1534 auctore
632 1469 767 1552 dictata,
790 1489 863 1535 cum
884 1469 942 1534 illa
959 1469 1024 1552 len,
1047 1487 1129 1552 quae

112 1557 142 1622 si
155 1557 255 1624 modo
269 1556 446 1622 secundum
464 1556 607 1622 litteram
626 1556 823 1642 observetur,
837 1557 999 1642 occiderit,
1018 1556 1130 1622 eadem
1152 1569 1185 1619 15

113 1647 189 1730 ipsa
211 1646 387 1711 secundum
412 1645 592 1730 spiritalem
614 1647 816 1712 intellectum
838 1646 989 1712 viviticat.

205 1733 348 1800 Moritur
369 1733 423 1800 hic
446 1735 586 1818 scriptor
608 1739 766 1821 regnante
789 1734 928 1801 Zenone.

510 1881 592 1972 Gap.
619 1881 742 1952 XCII.

207 1979 371 2066 Sidonius,
385 1981 617 2067 Arvernorum,
635 1983 815 2067 episcopus,
835 1982 965 2068 scripsit
987 1981 1076 2046 varia
1099 1983 1132 2045 et

122 2074 213 2156 grata
243 2071 413 2156 opuscula,
444 2074 478 2136 et
513 2091 613 2136 sanae
645 2069 810 2136 doctrinae
839 2069 938 2136 homo
971 2069 1129 2155 siquidem
1149 2083 1185 2134 ao

125 2166 191 2226 tam
212 2157 327 2225 divinis
351 2181 448 2244 quam
467 2159 620 2226 humanis
640 2157 681 2224 ad
700 2159 864 2245 integrum
882 2159 1027 2224 imbutus
1047 2178 1133 2222 acer-

126 2270 185 2334 que
212 2247 343 2336 ingenio
376 2248 509 2334 scripsit
541 2249 582 2314 ad
614 2247 759 2314 diversos
789 2247 916 2313 divorso
946 2250 1050 2313 metro
1081 2247 1133 2312 vel

128 2359 219 2424 prosa
249 2338 465 2422 compositum
498 2337 711 2423 epistularum
743 2338 872 2423 insigne
899 2337 1065 2419 volumen,
1097 2337 1134 2400 in

131 2449 202 2512 quo,
223 2427 299 2512 quid
316 2427 351 2491 in
372 2427 490 2492 litteris
509 2431 634 2512 posset,
658 2425 808 2492 ostendit
844 2423 968 2492 Verum
991 2426 1026 2490 in
1041 2422 1132 2490 Ohri·

132 2515 230 2581 stiano
252 2515 363 2602 vigore
386 2515 513 2601 pollens
542 2515 640 2580 ctiam
668 2513 753 2580 inter
775 2513 933 2581 barbarae
956 2513 1133 2579 ferocitatis
1151 2527 1186 2577 as

132 2604 271 2670 duritiem
295 2626 377 2690 quae
400 2626 438 2670 eo
461 2607 609 2689 tempore
623 2603 735 2670 Gallos
759 2606 975 2689 oppresserat,
999 2601 1132 2668 catholi-

132 2715 182 2758 cus
210 2695 299 2778 pater
335 2696 369 2759 et
406 2693 519 2760 doctor
555 2693 693 2762 habetur
730 2691 879 2780 insignis.
932 2689 1059 2756 Floruit
1095 2711 1134 2754 ea

135 2785 330 2867 tempestate,
354 2803 418 2869 qua
439 2781 506 2849 Leo
530 2786 564 2848 et
586 2782 673 2848 Zeno
695 2779 854 2847 Romanis
876 2779 1089 2864 imperabant.

495 2927 577 3020 cap.
608 2925 754 2999 som.

212 3045 383 3136 Iohannes,
413 3047 609 3116 Antioohiae
640 3047 811 3132 parochiae
844 3067 882 3112 ex
919 3045 1132 3134 grammatico
1152 3060 1187 3110 so

137 3135 300 3224 presbyter,
328 3139 461 3225 scripsit
487 3138 658 3205 adversum
681 3158 746 3222 eos,
769 3136 824 3222 qui
853 3137 889 3202 in
911 3157 979 3202 una
1004 3137 1134 3199 tantum

200 3255 325 3315 Herm:
344 3259 506 3317 Theodorus
560 3259 700 3314 Norimb.:
719 3257 812 3314 dicero
870 3265 887 3314 6
906 3253 1046 3313 Norimb.:
1066 3254 1134 3311 cerl-

141 3328 286 3412 nonialium
347 3339 379 3388 15
399 3331 495 3414 Bam:
515 3331 626 3414 occidat
686 3335 719 3412 {⁹
738 3329 792 3385 hoc
812 3331 911 3414 caput,
931 3327 1005 3398 quod
1022 3325 1135 3410 inaliis

141 3399 262 3456 codicibus
279 3417 335 3457 non
353 3403 503 3472 invemtur,
522 3405 567 3458 est
583 3419 613 3457 m
631 3401 862 3470 Nonmbergensr
938 3405 972 3454 28
992 3398 1133 3455 Nonmb.=
