2522 3802
485 97 703 164 ..97-

83 239 137 305 ‘de
155 236 380 304 satisfactione
397 237 638 323 paenitentiae',
658 236 708 303 ‘de
726 237 917 304 remissione
936 236 1101 324 Quinqua-

86 325 253 414 gesimae',
277 325 328 391 ‘de
350 326 519 392 nocturnis
542 324 769 410 illusionibus’,
792 325 843 392 ‘de
862 347 900 392 eo
919 325 1005 412 quod
1023 326 1103 392 dicit

89 415 274 502 apostolus:
304 413 384 480 ‘non
416 415 503 479 enim
531 415 617 501 quod
644 413 733 499 volo,
756 414 854 499 facio,
877 415 1014 500 bonum,
1046 414 1102 480 sed

86 504 175 590 quod
193 503 280 587 nolo,
298 504 434 588 malum,
451 503 514 570 hoc
534 502 618 590 ago’,
637 501 687 568 ‘de
706 501 982 580 mortificatione’3
1006 507 1040 568 et
1062 503 1103 568 ed

86 597 268 659 extremum
290 594 425 678 rogatus
449 590 594 658 aLeone
618 591 857 676 archidiacono,
875 594 990 676 postea
1012 592 1102 657 urbis
1140 608 1157 658 5

86 681 212 747 Romae
236 681 396 765 episcopo,
419 681 551 766 scripsit
578 681 748 746 adversum
770 677 958 746 Nestorium
982 678 1032 744 ‘de
1054 680 1103 745 in·

87 773 277 835 comotione
291 767 436 834 Domini'
454 769 557 835 libros
572 767 637 834 Vll
660 769 746 834 etin
764 769 817 834 his
837 767 998 835 scribendi
1017 767 1104 852 apud

85 857 268 924 Massiliam
292 860 326 922 et
347 857 475 922 vivendi
503 857 600 922 finem
622 857 700 923 iecit
722 856 904 924 Theodosio
928 861 961 924 et
984 855 1104 923 Valen-

85 947 214 1013 tiniano
237 945 458 1031 regnantibus.

466 1161 548 1252 Gap.
576 1159 730 1232 LXIII.
1125 1192 1159 1242 10

176 1317 348 1401 Philippus
371 1317 547 1401 presbyter,
575 1315 719 1400 optimus
748 1314 879 1384 auditor
905 1313 1106 1402 Hieronymi,

87 1409 326 1473 commentatus
358 1406 393 1470 in
415 1404 475 1470 Iob
502 1403 604 1470 edidit
631 1425 780 1470 sermone
808 1404 949 1488 simplici
977 1405 1106 1470 librum

86 1493 168 1580 Legi
198 1493 267 1559 eius
298 1497 332 1559 et
354 1492 543 1559 ‘familiares
565 1491 735 1578 epistulas'
760 1495 793 1558 et
819 1492 913 1557 valde
943 1492 1044 1558 salsas
1073 1497 1107 1558 et

88 1583 230 1650 maxime
252 1581 295 1648 ad
316 1583 518 1667 paupertatis
542 1583 577 1647 et
594 1581 741 1647 dolorum
758 1580 969 1647 tolerantiam
992 1581 1107 1648 exhor·

87 1672 236 1738 tatorias.
281 1669 422 1737 Moritur
444 1669 612 1737 Marciano
635 1674 669 1736 et
690 1668 789 1736 Avito
812 1669 1037 1757 regnantibus.
1127 1685 1159 1738 to

476 1904 559 1995 Cup.
586 1903 732 1978 LXIV.

180 2057 377 2142 Eucherius,
400 2055 628 2144 Lugdunensis
651 2057 805 2124 ecclesiae
828 2059 1012 2144 episcopus,
1035 2059 1111 2123 scri·

89 2149 159 2233 psit
181 2147 223 2212 ad
236 2145 448 2213 Valerianum
470 2147 689 2232 propinquum
714 2146 764 2212 ‘de
788 2149 975 2232 contemptu
997 2145 1110 2212 mundi

91 2241 124 2302 et
142 2235 318 2302 saecularis
336 2233 576 2320 philosophiae’
600 2235 773 2321 epistulam
795 2258 894 2302 unam
913 2236 1110 2302 scholastico

91 2328 126 2390 et
147 2323 336 2390 rationabili
359 2345 516 2390 sermone.
561 2322 724 2390 Disseruit
746 2325 845 2391 etiam
869 2325 910 2391 ad
932 2347 1106 2410 personam
1125 2341 1159 2392 co

91 2411 250 2496 filiorum,
274 2411 399 2478 Salonii
422 2415 455 2478 et
477 2411 628 2498 Veranii,
650 2417 764 2498 postea
786 2414 1027 2501 episcoporum,
1050 2414 1106 2481 ob-

93 2503 1023 2677 libidinantiumtilttffittt‘tlu
1040 2503 1109 2656 ³⁸0⁰?

93 2699 190 2744 mone
213 2681 353 2765 angusto
371 2679 463 2745 verbi
484 2669 649 2746 resolvens
672 2681 804 2746 tramite
827 2681 862 2745 in
879 2701 981 2746 unum
1000 2680 1108 2765 coegit

93 2767 246 2833 volumen
273 2767 400 2854 aliaque
427 2771 496 2834 tam
527 2767 753 2834 ecclesiasticis
786 2789 884 2854 quam
915 2767 1105 2833 monasticis
1125 2783 1160 2833 aa

94 2855 210 2922 studiis
233 2858 423 2923 necessaria.
468 2855 609 2922 Moritur
630 2855 863 2922 Valentiniano
891 2859 924 2922 et
946 2854 1110 2923 Martiano

95 2945 319 3030 regnantibus.

167 3135 278 3193 1Bern.
297 3137 389 3192 addit:
410 3137 457 3194 ‘de
475 3137 530 3194 fide
544 3135 691 3194 cenobitae
709 3137 739 3192 et
752 3136 897 3193 eremitae’
967 3137 1111 3195 wamba

98 3206 259 3276 seribende;
278 3207 394 3264 Veron:
414 3209 567 3266 scribendis
639 3215 675 3264 24
692 3207 790 3264 Bamb.
809 3211 839 3265 et
852 3207 948 3266 Berua
966 3209 1113 3266 revolvens

132 3285 166 3334 25
186 3277 299 3334 Bemb.:
317 3295 391 3349 quae
409 3283 505 3336 tamen
523 3279 720 3338 ecclesiasticis
738 3281 803 3338 sunt
820 3281 921 3337 studiis
939 3281 1112 3350 neeesmria3

97 3347 191 3406 Rern:
210 3349 458 3406 voluminatam.
478 3393 485 3406 .
505 3395 512 3409 .

150 3447 267 3500 Horitas,
280 3447 441 3496 Hieronymus.
883 3447 898 3496 ‘1
