2522 3802
512 127 729 193 ...54-

113 269 241 357 gantiae
269 268 370 334 edidit
396 269 457 334 sub
480 265 676 336 Constantio
688 261 850 353 ‘principe
879 269 1133 335 commentarios
1243 303 1244 348 3

113 359 148 423 in
180 355 383 422 Matthaeum
416 361 449 424 et
475 356 656 424 Iohannem
688 363 721 422 et
752 359 788 424 in
817 358 1001 442 apostolum
1034 362 1068 422 et
1097 359 1135 423 in
1243 429 1244 438 χ

112 445 312 530 psalterium.

380 599 395 608 .
515 538 598 630 Cap.
629 537 729 608 XCI.

78 691 94 740 o
202 673 364 742 Eusebius
381 675 570 758 Emisenos,
593 675 752 761 elegantis
776 679 809 740 et
827 675 982 742 rhetorici
1004 677 1134 763 ingenii
1243 713 1244 720 κ

113 764 365 830 innumerabiles
396 768 429 829 et
459 765 514 846 qui
544 764 586 829 ad
616 763 766 848 plausum
796 764 909 848 populi
944 767 1134 848 pertineant

114 853 253 919 confecit
285 853 401 936 libros,
433 852 603 938 magisque
637 853 809 918 historiam
836 856 965 918 secutus
1003 855 1045 921 ab
1079 855 1133 920 his

113 942 169 1026 qui
191 941 373 1006 declamare
396 942 523 1026 volunt,
547 941 783 1007 studiosissime
806 941 940 1026 legitur;
968 963 987 1006 e
1010 944 1132 1026 quibus

114 1030 166 1094 vel
193 1030 360 1114 praecipui
388 1034 465 1095 sunt
493 1029 676 1095 ‘adversum
703 1029 850 1094 ludaeos
869 1035 902 1094 et
929 1031 1068 1115 gentiles
1099 1037 1133 1095 et

62 1135 96 1183 10
114 1117 332 1185 Novatianos'
361 1122 395 1184 et
417 1117 475 1183 ‘ad
498 1117 650 1184 Galatas'
673 1118 749 1183 libri
771 1118 882 1183 decem
906 1125 939 1183 et
962 1118 1009 1184 ‘in
1032 1141 1132 1184 evan·

113 1207 200 1292 gelia
221 1205 387 1272 homiliaa'
411 1207 538 1292 breves,
563 1207 619 1272 sed
642 1207 808 1291 plurimae.
854 1205 982 1272 Floruit
1004 1213 1130 1292 tempo-

112 1296 202 1360 ribus
217 1293 403 1360 Constantii
421 1296 643 1379 imperatoris,
663 1296 723 1360 sub
742 1315 806 1380 quo
830 1301 863 1361 et
881 1300 1038 1381 mortuus,
1060 1295 1130 1362 An·

113 1383 252 1449 tiochiae
276 1385 422 1469 sepultus
445 1388 505 1449 est.

507 1547 590 1639 Cap.
622 1545 744 1618 XCII.

60 1701 94 1750 15
203 1683 404 1769 Triphylius,
427 1681 527 1769 Cypri
550 1683 723 1750 Ledrensis
747 1685 814 1752 sive
832 1684 1040 1752 Leucotheon
1063 1687 1129 1768 cpi·

114 1794 246 1856 scopus,
269 1773 552 1858 eloquentissimus
577 1795 654 1838 suae
678 1774 795 1840 aetatis
819 1777 853 1839 et
875 1774 935 1838 sub
955 1794 1031 1859 rege
1046 1771 1128 1840 Oon-
1243 1781 1244 1786 ’

114 1861 235 1926 stantio
259 1861 487 1926 celeberrimus
502 1860 573 1926 luit.
610 1861 691 1948 Legi
710 1863 780 1928 eius
800 1864 835 1928 in
854 1861 1027 1928 Canticum
1046 1860 1129 1928 (lan-

112 1949 250 2014 ticorum
265 1951 522 2016 commentarios.
559 1949 604 2016 Et
622 1952 726 2016 multa
741 1953 805 2016 alia
823 1951 1047 2036 composuisse
1065 1952 1129 2016 fer·

114 2043 176 2123 tur,
200 2060 283 2124 quae
306 2038 342 2103 in
364 2043 494 2104 nostras
518 2061 633 2104 manus
657 2040 789 2106 minime
812 2045 1040 2124 pervenerunt.

59 2253 93 2302 20
494 2219 576 2310 Cap.
608 2220 753 2290 XCIII.

200 2355 364 2440 Donatus,
388 2378 407 2421 a
430 2378 493 2441 quo
516 2355 695 2423 Donatiani
718 2379 777 2441 per
795 2357 941 2424 Africam
965 2358 1025 2423 sub
1046 2356 1130 2423 (lon-

113 2447 233 2510 stantio
262 2443 543 2529 Constantinoque
571 2445 773 2530 principibus
801 2447 1013 2530 pullrdarunt,
1042 2468 1129 2512 asse·

111 2555 185 2599 rens
214 2534 379 2600 anostris
403 2533 579 2617 scripturas
606 2534 642 2599 in
660 2535 886 2618 persecutione
906 2535 1045 2600 ethnicis
1064 2539 1128 2600 tra·
1243 2579 1244 2600 i

112 2623 196 2688 ditas
224 2626 329 2689 totam
351 2643 453 2707 paene
473 2620 620 2687 Africam
643 2626 676 2687 et
694 2623 833 2688 maxime
855 2621 1044 2689 Numidiam
1071 2645 1128 2688 rua
1243 2651 1244 2656 ¹

57 2731 92 2780 aa
111 2712 322 2796 persuasione
346 2712 479 2796 decepit.
511 2710 655 2776 Exstant
677 2712 744 2776 eius
768 2711 871 2776 multa
894 2711 935 2776 ad
959 2733 1051 2777 suam
1075 2713 1129 2776 he·

113 2801 211 2866 resim
234 2800 432 2887 pertinentia
460 2802 494 2864 et
522 2799 579 2865 ‘de
603 2800 719 2884 spiritu
743 2799 870 2866 sanoto'
898 2800 981 2865 liber
1004 2799 1127 2866 Ariane

113 2889 259 2974 dogmati
283 2910 474 2975 congruens.

183 3033 199 3082 5
218 3026 317 3082 Bam:
338 3027 486 3099 episcopos
504 3027 652 3084 Emisenos
743 3035 758 3083 6
777 3027 893 3083 Bamb.:
911 3026 1055 3097 pertinent

112 3107 128 3155 9
148 3099 259 3155 Bamb.:
279 3101 379 3168 gantas
462 3107 493 3154 11
514 3097 579 3153 Vat.
599 3100 628 3153 et
646 3097 757 3154 Bamb.:
780 3097 918 3154 homeliae
999 3103 1031 3152 1⁶
1051 3097 1128 3154 Vat:

112 3169 270 3242 Iriphilius3
289 3171 401 3226 Bamb.:
420 3169 554 3241 'l'ripilius
610 3170 673 3225 Vat.
692 3172 722 3225 st
734 3170 831 3224 Bamb.
847 3172 877 3226 et
891 3170 984 3226 Bam:
1003 3169 1125 3225 Leucon·

111 3243 198 3298 theon
252 3249 286 3296 21
306 3241 371 3298 Vat.
391 3244 420 3298 et
438 3241 536 3297 Bamb.
557 3241 586 3296 et
600 3241 694 3296 Rern:
714 3239 1128 3309 ConstantinoOonstentioque

173 3314 280 3438 atlhoc
300 3313 469 3370 vocabulum
489 3313 568 3369 deest
586 3311 615 3366 in
633 3312 698 3368 Vct.
776 3317 810 3366 26
830 3311 942 3366 Bamb.:
961 3310 1130 3380 pertinentia

112 3401 246 3454 opuscua
