2522 3802
502 102 725 168 ,47-

95 249 164 312 tem
194 243 248 310 ‘dc
269 240 416 360 pascha',
439 240 491 306 ‘de
514 240 678 324 sabbato’‚
703 240 754 306 ‘de
777 241 1045 323 circumcisione’,
1065 242 1120 309 ‘de

98 331 291 416 sacerdote,
313 329 365 395 ‘de
389 328 616 413 ordinatione’,
639 329 690 395 ‘de
713 329 794 396 cibis
817 329 976 416 iudaicis’,
1000 331 1050 396 ‘de
1072 332 1119 398 in-

101 419 247 506 stantia',
271 418 327 485 ‘de
350 415 492 502 Attalo',
515 419 682 504 multaque
709 417 789 502 alia,
817 422 851 484 et
873 418 923 484 ‘de
945 419 1118 486 Trinitate’

99 510 225 595 grande
247 508 414 590 volumen,
438 507 531 592 quasi
555 503 715 591 ἐπιτομήν
739 507 845 591 operis
859 507 1051 573 Tertulliani
1072 508 1117 574 fa·

99 599 205 684 ciens,
229 595 317 684 quod
339 594 473 681 plurimi
495 595 678 662 nescientes
701 593 857 680 Cypriani
880 595 1064 662 aestimant.
1155 612 1170 662 e

484 794 567 886 Cep.
597 793 744 866 nxxr

190 933 368 1016 Malchion‚
383 931 616 998 disertissimus
625 931 849 998 Antiochense
864 933 1016 998 ecclesiae
1030 955 1116 1020 pres·

97 1023 203 1108 byter,
226 1022 347 1108 quippe
370 1019 484 1107 quiin
507 1019 619 1086 eadem
642 1021 722 1085 urbe
740 1020 937 1087 rhetoricam
957 1021 1117 1088 florentis·

97 1111 179 1177 sime
209 1111 376 1195 docuerat,
408 1108 562 1174 adversus
590 1107 728 1174 Paulum
756 1108 1018 1195 samosatenum,
1051 1113 1115 1197 qui,

97 1199 325 1266 Antiochense
344 1197 498 1264 ecclesiae
517 1195 702 1283 episcopus,
720 1197 840 1284 dogma
853 1198 1041 1265 Artemonis
1064 1201 1111 1265 in·
1132 1215 1166 1264 ιο

97 1293 275 1371 staurarat,
299 1285 535 1371 excipientibus
558 1286 695 1352 notariis
719 1285 911 1372 disputavit,
934 1287 989 1372 qui
1012 1287 1111 1353 dialo-

96 1398 158 1463 gus
182 1398 285 1462 usque
307 1375 404 1441 hodie
427 1379 543 1440 exstat.
581 1372 644 1440 Sed
667 1375 787 1440 etalio
809 1375 940 1460 grandis
964 1376 1113 1461 epistula,

97 1487 137 1530 ex
169 1487 312 1550 persona
344 1463 462 1548 synodi
494 1463 536 1528 ab
568 1485 606 1529 eo
634 1463 768 1548 scripte,
796 1463 837 1528 ad
860 1461 1054 1549 Dionysium
1082 1470 1115 1530 et

97 1554 287 1640 Maximum,
296 1552 466 1619 Romanae
481 1555 514 1617 et
523 1551 761 1618 Alexandrinae
775 1552 929 1618 ecclesiae
944 1553 1113 1638 episcopos

97 1643 257 1730 dirigitur.
301 1639 432 1706 Flornit
455 1641 516 1706 sub
540 1638 677 1707 Claudio
701 1645 735 1706 et
757 1641 944 1708 Aureliano.
1134 1658 1166 1708 15

467 1838 551 1930 Cup.
578 1837 748 1912 LXXII.

185 1977 380 2062 Archelaus,
399 1977 569 2063 episcopus
583 1975 853 2062 Mesopotamiae,
872 1979 990 2044 librum
1009 1980 1114 2065 dispu-

95 2069 232 2134 tationis
256 2088 348 2149 suae,
371 2087 469 2150 quam
491 2065 609 2131 habuit
626 2066 796 2132 adversum
809 2065 1036 2133 Manichaeum
1060 2090 1112 2133 ex·

96 2161 228 2224 euntem
243 2155 283 2220 de
295 2154 442 2239 Perside,
457 2175 534 2240 syro
553 2175 703 2220 sermone
722 2156 919 2241 composuit,
933 2156 988 2241 qui
1006 2160 1112 2222 trans-

98 2246 185 2312 latus
209 2245 245 2310 in
268 2265 420 2330 graecum
442 2243 582 2310 habetur
605 2265 625 2308 a
647 2244 769 2310 multis.
1132 2261 1166 2312 eo
1182 2303 1197 2326 ,

187 2331 314 2400 Olsruit
338 2333 397 2398 sub
417 2332 613 2418 imperatore
631 2330 756 2419 Probo,
779 2333 834 2420 qui
853 2332 1030 2400 Aureliano
1050 2333 1111 2400 Ta-

97 2423 226 2508 cithue
249 2426 456 2488 successerat

453 2602 535 2694 cap.
563 2603 756 2676 essm.

184 2741 358 2806 Anatolius
381 2741 635 2828 Alexandrinus,
658 2741 837 2809 Laodiceae
852 2740 965 2827 Syriae
988 2743 1109 2828 episco-

94 2853 174 2916 pus,
196 2830 256 2895 sub
278 2827 388 2896 Probo
419 2835 452 2896 et
476 2830 558 2898 Caro
582 2832 832 2917 imperatoribus
856 2831 979 2916 floruit,
1007 2831 1109 2898 mirae
1128 2864 1163 2916 25

95 2919 261 2985 doetrinae
289 2919 339 2984 vir
368 2920 403 2984 in
426 2919 644 3004 arithmetica,
677 2919 872 3006 geometria,
900 2921 1110 3008 astronomia,

95 3007 319 3094 grammatica,
333 3008 504 3094 rhetorica,
518 3009 695 3075 dialectica.
723 3007 823 3076 Cuius
842 3010 967 3096 ingenii
986 3013 1110 3097 magni-

95 3097 243 3164 tudinem
266 3095 306 3162 de
327 3097 493 3164 volumine
523 3099 609 3184 quod
632 3097 741 3184 ‘super
762 3098 895 3184 pascha'
918 3101 1111 3187 composuit,

166 3297 182 3346 2
201 3290 300 3348 Bamb.
320 3293 350 3347 et
366 3291 508 3348 Norint:
527 3293 562 3347 de
581 3291 708 3348 oratione
808 3301 824 3350 9
843 3295 920 3350 Vnt:
938 3290 1110 3348 rhetoricam

93 3362 243 3418 edocuerat
329 3368 365 3416 20
382 3361 460 3417 Vct:
479 3363 509 3418 in
527 3378 661 3433 grascrun
679 3363 709 3416 in
728 3364 825 3420 multis
