2512 3794
565 117 782 182 „32-

166 260 306 344 epistile
334 279 432 343 super
459 256 663 324 ordinetione
686 253 890 340 Asclepiadis
917 255 1115 322 confessoris
1143 255 1186 320 nd

167 346 405 414 Antiochenses
425 345 683 432 congratulantis
706 345 763 429 eis,
785 345 821 410 in
843 365 907 428 que
928 343 1024 428 ponit
1045 344 1081 408 in
1103 343 1186 409 fine:

166 434 258 502 ‘haee
288 434 390 520 vobis,
421 435 545 500 domini
568 455 606 500 sc
628 432 760 516 iratres,
790 433 913 516 scripte
943 432 1187 498 transmisimus

166 546 225 608 per
247 524 378 590 beatum
402 521 600 588 Clementem
622 521 858 606 presbyterum,
883 521 989 586 virum
1012 521 1187 586 inlustrem

132 629 148 680 s
167 617 201 677 et
222 612 405 697 probatum,
428 631 522 694 quem
545 631 604 676 vos
627 629 755 694 quoque
778 609 868 676 scitis
892 611 926 674 et
946 631 1034 674 nunc
1057 609 1186 694 plenius

167 701 384 788 cognoscetis,
397 749 400 754 .
412 699 468 783 qui
486 719 568 776 cum¹
582 697 647 762 huc
669 697 811 764 venisset
833 698 925 764 iuxta
946 697 1186 782 providentium

168 793 201 855 st
231 789 453 855 visitationem
483 785 558 870 Dei,
590 786 796 852 confirmavit
826 790 861 852 et
892 786 985 852 suxit
1015 787 1185 852 eeclesiam

168 875 323 942 Domini'.
369 872 509 942 Constet
530 873 699 960 Originem
726 875 822 940 huius
850 875 950 942 fuisse
979 875 1185 960 discipulum.

167 964 293 1031 lloruit
311 965 421 1029 sutem
435 960 546 1028 Severi
563 966 596 1028 et
609 961 780 1047 Antonini,
797 963 855 1028 tilii
874 963 953 1042 eius,
970 964 1184 1048 temporibus.

116 1169 148 1220 ιο
522 1143 605 1235 Gap.
635 1143 826 1216 XXXIX

256 1281 434 1366 Miltiades,
460 1281 551 1348 euius
574 1279 714 1348 Rhodon
737 1280 771 1346 in
799 1301 896 1364 opere
919 1302 992 1361 suo,
1021 1281 1108 1367 quod
1131 1281 1186 1348 ed·

168 1393 296 1438 versum
314 1369 517 1454 Montanum,
534 1370 680 1435 Priscam
698 1368 975 1454 Maximillcmque
993 1371 1187 1454 composuit

167 1460 355 1528 recordatus
374 1463 432 1543 est,
455 1458 586 1543 scripsit
604 1461 716 1524 contre
738 1457 869 1523 eosdem
888 1459 1041 1524 volumen
1063 1461 1185 1542 preeci·

168 1571 281 1632 puum,
304 1551 338 1614 et
361 1547 531 1614 adversum
554 1550 668 1632 gentes
690 1545 890 1631 ludaeosque
913 1547 1015 1612 libros
1039 1547 1130 1631 elios,
1153 1553 1186 1614 et

118 1655 150 1704 ss
169 1635 652 1788 {ariusipffutsoilliusotemporgs
671 1635 911 1788 ²P⁰¹ssss⁰fi⁰¹iff
930 1635 1027 1702 dedit.
1060 1634 1188 1702 Floruit

204 1746 271 1789 cres
326 1745 348 1788 u
385 1743 456 1788 n1n1
508 1743 617 1787 ommo
641 1743 713 1806 sque
770 1745 876 1808 mpon
899 1745 946 1790 us.

581 1901 663 1995 cop.
695 1903 775 1976 xc.

257 2041 461 2128 Apollonius,
474 2041 525 2106 vir
533 2040 775 2127 disertissimus,
790 2043 920 2128 scripsit
929 2041 1083 2108 adversus
1092 2040 1186 2107 Mon-

167 2135 295 2215 tanum,
328 2129 472 2197 Priseum
508 2133 541 2196 et
572 2128 787 2196 Maximillam
821 2130 950 2217 insigne
982 2134 1016 2196 et
1050 2129 1189 2216 longum

115 2237 150 2286 ‘20
169 2220 331 2304 volumen,
354 2241 418 2306 quo
442 2219 560 2285 asserit
578 2217 772 2286 Montanum
795 2223 828 2284 et
845 2220 979 2284 insenes
1002 2221 1094 2284 vetes
1118 2219 1188 2283 eius

168 2309 289 2391 perisse
313 2307 502 2392 suspendio,
532 2311 565 2373 et
587 2309 692 2373 mults
714 2307 792 2388 elie,
815 2309 849 2372 in
872 2308 990 2391 quibus
1014 2306 1052 2372 de
1074 2305 1189 2373 Prisca

168 2399 202 2460 et
224 2393 404 2460 Maximilla
426 2396 539 2460 refert:
568 2394 608 2461 ‘si
631 2399 754 2482 negent
776 2417 831 2460 ecs
860 2396 1021 2480 accepisse
1043 2417 1190 2481 munere,

168 2483 384 2548 confiteantur
424 2505 492 2548 non
524 2504 594 2548 esse
629 2483 805 2568 prophetes
843 2483 898 2570 qui
936 2483 1114 2569 accipiunt,
1158 2488 1191 2549 et

169 2571 258 2636 mille
280 2569 343 2637 hoe
372 2570 511 2636 testibus
541 2571 738 2656 approbabo.
785 2569 848 2636 Sed
872 2593 910 2636 ex
933 2571 1006 2638 eliis
1028 2572 1190 2638 fructibus

117 2683 151 2734 ss
170 2661 350 2746 probentur
363 2659 550 2744 prophetes.
575 2657 636 2725 Dic
650 2659 739 2740 mihi,
754 2659 875 2726 crinem
888 2659 978 2726 fucat
989 2661 1190 2745 prophetes?

170 2749 268 2816 stibio
301 2749 410 2816 oculos
445 2747 520 2814 linit
556 2747 755 2834 prophetes?
800 2749 943 2816 vestibus
982 2751 1014 2814 et
1050 2751 1190 2836 gemmis

169 2841 305 2905 ornetur
326 2835 523 2925 prophetes?
550 2837 635 2902 ludit
656 2837 771 2904 tabule
793 2842 827 2904 et
848 2839 979 2906 tesseris
1003 2838 1189 2923 prophete?

168 2926 261 2991 fenus
295 2927 434 3011 accipit?
472 2925 701 3012 respondeant,
733 2927 814 2994 hese
847 2933 956 2994 utrum
994 2927 1063 2992 fieri
1091 2927 1190 2994 liceet

170 3037 213 3081 an
235 3015 325 3080 non?
361 3015 470 3082 Meum
494 3019 544 3080 est
566 3016 718 3102 prebere,
742 3017 819 3102 quie
839 3013 997 3083 fecerint’.
1042 3015 1132 3082 Dicit
1154 3017 1190 3082 in

117 3129 152 3181 30
170 3103 281 3171 eodem
314 3103 397 3168 libro
432 3103 716 3189 quedregesimum
753 3127 822 3171 esse
855 3127 975 3171 annum
1012 3125 1114 3190 usque
1147 3104 1188 3170 ud

242 3304 259 3352 6
272 3296 322 3352 ele
337 3291 542 3363 recognoscetis
597 3300 629 3348 11
645 3293 722 3350 Vct:
737 3294 898 3360 Meltiedes3
912 3293 1019 3348 bemb.=
1035 3291 1188 3352 Melciudes

170 3375 204 3424 27
225 3366 344 3426 ‘tabule‘
364 3365 443 3422 deest
459 3361 490 3420 in
507 3361 572 3420 Vct.
