2512 3794
562 117 777 182 ..30..

162 262 337 346 exemplar,
353 261 438 326 unde
450 257 696 344 tramosipaisti,
713 256 977 342 diligentissima
995 255 1082 322 hanc
1098 278 1183 343 quo-

162 371 224 435 que
246 349 500 416 obtestationem
522 349 674 414 similiter
695 345 889 427 mataras,
911 349 948 410 nt
966 345 1122 411 insanisti
1143 345 1184 410 in

162 437 360 522 exemplari'

250 525 373 593 Ferunt
396 526 465 593 eius
488 529 522 590 et
543 525 624 590 alias
643 522 685 588 ad
699 521 881 607 Victorem,
903 523 1094 606 episcopum
1114 520 1183 588 Ro·

126 631 309 699 ernanum,
341 614 380 679 de
410 613 598 700 quaestione
624 610 764 695 paschae
792 611 964 696 epistulas,
996 611 1033 674 in
1060 609 1181 695 quibus

162 707 349 771 commonet
380 725 453 768 eum
484 721 553 766 non
580 699 684 766 facile.
710 697 824 792 dehere
857 700 1019 764 unitatem
1050 699 1181 784 collegii

164 792 322 876 scindere,
355 791 384 855 si
412 788 542 875 quidem
564 787 679 854 Victor
707 787 828 854 multos
851 788 953 852 Asiae
981 791 1014 852 et
1036 785 1179 852 Orientis

163 881 348 964 episcopos,
371 878 426 963 qui
445 881 561 961 quarta
580 874 704 942 decima
721 877 801 942 luna
822 897 896 942 curn
908 874 1038 941 Iudaeis
1056 875 1181 960 pascha

162 967 384 1050 celebrabant,
407 963 609 1032 damnandos
632 962 821 1030 crediderat
839 1053 844 1062 Ι
865 963 906 1029 ln
930 986 1028 1050 quam
1051 968 1180 1029 senten-

110 1056 242 1123 latiam
270 1055 369 1120 etiam
396 1053 431 1118 hi
463 1055 519 1138 qui
542 1053 771 1156 discrepabant
794 1053 836 1118 ab
866 1052 933 1118 illis
961 1049 1089 1118 Victori
1111 1074 1181 1155 non

162 1143 480 1387 diffiditis
504 1140 794 1297 liffeim
814 1141 874 1294 lib
887 1139 1180 1314 tltttdtttl:

165 1341 217 1387 aer

522 1429 603 1520 op.
634 1427 822 1500 xxxvi.

111 1584 143 1633 ra
251 1565 451 1650 Pantaenus,
465 1566 585 1634 stoicae
604 1570 710 1632 sectae
723 1565 954 1652 philosophus,
973 1565 1065 1630 iuxta
1079 1586 1181 1650 quan-

163 1657 239 1722 dam
260 1659 401 1721 veterem
424 1656 459 1720 in
473 1653 671 1722 Alexandria
693 1653 974 1737 consuetudinem,
996 1652 1054 1718 ubi
1068 1650 1181 1720 Marco

163 1744 364 1829 evangelista
381 1743 573 1808 instituente
592 1763 720 1827 semper
742 1741 950 1810 ecclesiastici
966 1741 1054 1807 fuere
1069 1740 1180 1808 docto·

161 1853 226 1914 res,
249 1836 361 1896 tantae
379 1831 571 1914 prudentiae
594 1834 627 1896 et
646 1829 837 1898 eruditionis
857 1835 926 1898 tam
943 1830 980 1896 in
1001 1830 1182 1915 scripturis,

162 1943 260 2006 quam
283 1921 318 1986 in
341 1919 499 1986 saeculari
521 1919 709 1986 litteratura
730 1919 808 2004 fnit,
830 1923 868 1984 ut
890 1919 926 1983 in
948 1917 1078 1984 Indiam
1101 1941 1181 2004 quo·

109 2026 144 2074 ao
164 2031 225 2096 que
247 2013 382 2096 'rogatus
406 2009 448 2074 ab
470 2009 558 2074 illius
582 2009 689 2094 gentis
712 2009 830 2094 legatis
854 2029 874 2072 a
896 2005 1078 2087 Demetrio,
1101 2007 1180 2073 Ale

164 2099 319 2166 rendriae
343 2099 505 2184 episcopo,
527 2097 719 2164 mitteretur.
756 2095 822 2164 Ubi
844 2096 990 2180 repperit
1006 2095 1184 2162 Bartholo-

164 2208 271 2252 meum
301 2187 339 2252 de
368 2187 538 2254 duodecim
565 2187 722 2271 apostolis
751 2185 927 2250 adventurn
949 2183 1083 2250 Domini
1105 2183 1181 2250 Iesu

87 2295 90 2303 ⁴
165 2275 256 2340 iuxta
270 2275 429 2342 Matthaei
453 2275 656 2362 evangelium
680 2274 898 2360 praedicasse,
921 2271 1008 2358 quod
1030 2271 1183 2340 hebraeis

165 2361 284 2428 litteris
308 2366 465 2449 seriptum
488 2367 653 2430 revertens
668 2359 900 2428 Alexandriam
923 2383 1032 2427 seeum
1055 2360 1183 2428 detulit

112 2471 146 2520 aa
164 2447 272 2518 Huius
304 2453 400 2518 multi
428 2452 557 2538 quidem
589 2452 624 2516 in
652 2456 798 2546 sanctam
827 2451 1021 2536 scripturam
1051 2453 1185 2516 exstant

162 2541 399 2624 commentarii,
422 2540 478 2604 sed
501 2539 607 2624 magis
627 2541 701 2606 viva
718 2561 781 2605 vox
800 2539 944 2606 ecclesiis
962 2537 1100 2624 proluit,
1124 2539 1184 2605 do

163 2629 376 2784 ἓυίίᾳιιὲῃεηὶ)
400 2627 519 2694 Severo
542 2627 688 2714 principe
712 2631 745 2692 et
758 2627 938 2707 Antonino,
962 2631 1181 2713 cognomento

194 2739 269 2784 arao
315 2741 344 2783 a

513 2827 595 2918 Cup.
627 2825 839 2900 XXXVII.

110 2985 145 3035 ao
251 2963 405 3052 Rhodon,
424 2985 541 3052 genere
560 2961 715 3050 Asianus,
734 2963 921 3051 alatiano,
940 2965 979 3030 de
998 2985 1062 3049 quo
1082 2985 1184 3050 supra

163 3051 318 3133 diximus,
347 3053 470 3120 Romae
499 3053 534 3119 in
558 3053 725 3138 scripturis
748 3054 893 3121 cruditus
917 3053 1018 3118 edidit
1039 3053 1184 3138 plurima

235 3229 468 3286 summantur
486 3259 520 3272 ·-
540 3227 676 3298 epistolae
732 3236 765 3284 lt
784 3231 834 3285 alt
853 3247 872 3284 a
889 3227 985 3284 Marco
1004 3227 1183 3298 evangelista

165 3317 224 3356 sem
353 3309 385 3358 18
404 3300 545 3357 Naana:
564 3297 709 3368 scripturis
726 3301 830 3356 motis
915 3303 950 3354 26
970 3299 1020 3354 al:
1039 3315 1108 3356 roae

165 3379 200 3428 ³0
244 3373 297 3428 at:
317 3375 502 3446 cognomento
