2522 3802
555 105 772 169 ..64-

520 266 603 358 Gap.
635 263 811 338 CXXVI.

245 402 439 480 Ambrosius
457 402 707 485 Alexandrinus,
730 401 860 468 auditor
876 401 1023 488 Didymi,
1046 403 1184 488 scripsit

158 459 311 557 sdmrsns
329 492 554 576 Apollinarem
577 491 730 556 volumen
753 491 930 556 multorum
948 513 1102 557 versuum
1127 491 1183 557 ‘de

156 579 386 666 dogmatibus',
408 585 442 645 et
459 585 496 645 ut
514 579 555 645 ad
578 597 629 642 me
647 599 752 662 nuper
771 579 912 664 quodem
929 583 1086 646 narrante
1104 602 1180 664 per,
1257 589 1258 600 ἢ

122 685 138 733 o
157 669 260 735 letum
279 673 339 752 est,
357 667 607 735 commentarios
625 667 662 732 in
673 666 742 733 Iob.
778 666 891 754 Usque
908 668 1006 734 hodie
1020 674 1183 753 superest.
1257 669 1258 684 *

512 883 595 975 σῳ.
627 882 826 956 cxxvii.
879 839 882 842 ’

246 1019 408 1088 Maximus
440 1021 668 1107 philosophus,
704 1023 802 1086 nutus
830 1020 1062 1101 Alexandriae,
1095 1019 1180 1088 Gon-

159 1109 372 1195 etantinopcli
400 1112 569 1196 episcopus
594 1109 776 1194 ordinatus,
809 1113 842 1174 et
873 1110 988 1193 pulsus
1016 1110 1183 1196 insignem

159 1196 210 1264 ‘de
224 1197 299 1266 fide'
312 1199 483 1265 adversum
496 1200 638 1265 Arianos
658 1197 788 1283 scripsit
800 1197 929 1283 librum,
943 1221 1040 1285 quem
1054 1197 1181 1266 Medio-

109 1303 143 1352 10
160 1287 229 1353 lani
252 1285 410 1354 Gratiano
434 1288 576 1374 principi
599 1287 696 1354 dedit.

500 1503 581 1596 cup.
614 1501 837 1577 exram.

248 1641 435 1726 Gregorius,
458 1639 626 1725 Nyssenus
645 1643 827 1726 episcopus,
844 1641 947 1706 frater
964 1639 1082 1708 Basilii
1102 1641 1185 1710 an-

159 1731 321 1810 ssriensis,
344 1733 420 1796 ante
439 1751 543 1794 annos
562 1750 683 1812 paucos
706 1729 788 1794 mihi
807 1733 840 1794 et
859 1729 1019 1816 Gregorio
1041 1729 1188 1797 Nazian-

160 1840 239 1885 zeno
258 1823 371 1884 eontra
389 1817 586 1884 Eunomium
606 1817 687 1903 legit
704 1817 816 1885 libros.
854 1818 916 1896 Qui
935 1822 968 1885 et
987 1819 1054 1885 alia
1077 1821 1187 1887 multa

109 1908 329 1993 rescripsisse
354 1911 387 1973 et
410 1906 551 1973 scribere
574 1905 700 1973 dicitur.

520 2123 602 2216 cap.
636 2123 815 2196 cxxix.

249 2261 417 2346 Iohannes,
437 2258 661 2328 Antiochense
676 2261 829 2328 ecclesiae
847 2261 1026 2346 presbyter,
1044 2259 1188 2330 Eusebii

160 2349 308 2415 Emiseni
328 2348 528 2434 Diodorique
547 2354 697 2436 sectetur,
721 2351 824 2416 mults
842 2371 1036 2435 componere
1055 2350 1189 2440 dicitu,

161 2438 200 2504 de
224 2439 340 2523 quibus
363 2435 439 2525 περὶ
463 2434 650 2524 ἱερωσύνης
672 2443 801 2504 tentum
823 2439 898 2525 legi.

107 2666 141 2716 2⁰
537 2655 618 2747 Cup.
651 2653 807 2728 CXXX.

250 2791 409 2878 Gelasius,
427 2788 605 2858 Caesareae
619 2792 824 2860 Palaestinae
842 2795 919 2878 post
936 2792 1097 2860 Euzoium
1115 2797 1187 2880 epi-

161 2901 292 2983 scopus,
325 2881 469 2947 accurati
496 2881 665 2968 limatique
698 2882 855 2950 sermonis
884 2881 989 2948 sertin
1021 2883 1187 2967 quaedam

161 2968 311 3054 cumbere,
334 2969 392 3035 sed
415 2970 528 3036 celare.

233 3149 248 3198 ‘1
268 3143 366 3200 Bamb.
386 3146 416 3200 et
436 3144 516 3200 Vatr
534 3143 808 3216 Constantinopolim
916 3152 932 3200 9
956 3145 1035 3201 Vat.:
1058 3145 1186 3208 Arrium.

163 3214 266 3272 Omnes
280 3215 391 3272 codices
401 3215 530 3272 omnibus
540 3215 610 3272 locis
620 3217 758 3272 scribunt:
773 3215 880 3285 Arrius,
889 3216 1002 3271 Arriani
1057 3223 1091 3272 12
1102 3217 1184 3274 vat:

162 3287 284 3344 Nisenus
335 3294 368 3343 19
380 3287 492 3343 Bamb.:
508 3287 543 3342 de
553 3286 656 3356 quibus
665 3285 762 3342 audivi
774 3287 857 3356 περὶ.
873 3303 942 3342 ‚nec
954 3287 1024 3357 legi3
1039 3287 1184 3346 Norimb.:

162 3358 198 3414 ds
213 3359 314 3428 quibus
327 3377 413 3416 unum
422 3359 528 3415 librum
542 3357 600 3428 legi
655 3363 688 3411 21
708 3356 806 3411 Bamb.
817 3357 996 3414 etNorimb.:
1010 3358 1183 3416 Eunomium
