2522 3802
503 80 745 146 —104-

119 219 183 375 dlii
201 241 262 307 ego
280 241 347 288 non
365 222 440 308 legi.
471 221 611 288 Moritur
624 219 733 286 Leone
752 225 786 286 et
798 219 979 288 Maioriam
997 241 1141 307 regnan·

169 331 216 374 us.

477 456 559 548 Cap.
587 454 774 528 LXXXI.

214 594 406 660 Vincentius
434 596 614 680 presbyter,
643 595 776 660 natione
798 592 928 679 Gallus,
954 594 991 658 in
1018 593 1141 660 divinis
1242 623 1243 630 ¹

89 702 105 750 5
126 683 295 767 seripturis
311 683 513 766 exercitatus,
531 683 679 768 linguam
699 681 825 748 hebens
843 703 906 747 usu
928 683 1082 768 loquendi
1106 687 1142 748 et

125 771 249 838 maiore
271 772 411 837 lectione
429 771 567 856 politam
585 774 823 837 commentatus
842 775 893 836 est
910 769 956 836 ‘in
973 771 1142 855 psalmos'.

124 858 223 927 Cuius
246 861 353 944 operis
375 861 458 946 legit
480 860 591 944 aliqua
612 860 739 926 homini
756 858 819 925 Dei
842 858 985 926 Oannati
1007 881 1060 924 me
1083 881 1141 925 au·

125 948 248 1033 diente,
275 949 470 1033 promittens
498 948 608 1033 simul,
635 949 662 1014 si
687 948 850 1015 Dominus
872 949 974 1014 vitam
997 950 1031 1014 et
1052 949 1141 1014 vires

125 1037 227 1120 daret,
250 1058 284 1102 se
307 1037 343 1101 in
365 1039 436 1102 toto
459 1037 613 1121 psalterio
636 1037 751 1103 eodem
775 1037 883 1103 studio
905 1038 1142 1104 laboraturum.

70 1304 105 1353 ro
423 1341 427 1348 ,
480 1271 561 1363 Gap.
584 1271 795 1342 LXXXII.

214 1408 333 1496 Cyrus,
351 1431 468 1497 genere
483 1409 733 1490 Alexandrinus,
751 1411 820 1474 arte
839 1407 992 1492 medicus,
1010 1429 1051 1474 ex
1068 1407 1142 1492 phi-

124 1499 263 1584 losopho
287 1499 481 1584 monachus,
498 1499 549 1564 vir
572 1498 697 1564 dicendi
719 1498 852 1584 peritus,
876 1495 1008 1581 scripsit
1031 1495 1145 1563 adver·

126 1611 181 1655 sus
195 1586 384 1654 Nestorium
402 1589 493 1674 prius
513 1588 679 1674 eleganter
698 1589 732 1653 et
749 1586 886 1668 fortiter,
903 1584 1001 1652 modo
1019 1589 1144 1670 autem,

126 1677 203 1742 dum
226 1677 263 1740 in
284 1675 378 1740 illum
405 1677 525 1742 nimius
552 1676 719 1741 invehitur
746 1678 780 1742 et
804 1673 1005 1760 syllogismis
1033 1675 1143 1760 magis

73 1782 106 1832 1⁶
127 1787 225 1849 quum
253 1764 421 1848 seripturis
450 1763 863 1850 agitur,Tl1imotheanum
891 1761 1011 1848 dogma
1033 1762 1144 1829 fovere

125 1851 241 1936 eoepit
285 1851 434 1936 Denique
466 1851 639 1938 ambiguus
666 1852 765 1918 etiam
793 1854 844 1918 sui
876 1850 1048 1935 suspendit
1075 1851 1143 1917 ani·

125 1963 215 2006 mum
230 1963 250 2006 a
263 1961 423 2008 consensu
438 1937 710 2008 Chalcedonensis
724 1941 846 2008 deonoti
862 1961 923 2008 neo
937 1940 1144 2026 aequiesoen·

126 2029 203 2098 dum
217 2033 314 2118 putet
326 2029 446 2098 Filium
463 2030 525 2098 Dei
544 2031 668 2098 duabus
686 2033 764 2118 post
784 2029 1044 2098 incarnationem
1067 2050 1145 2096 oon-

127 2123 214 2186 stare
236 2119 370 2188 naturis.

73 2302 108 2351 20
461 2265 543 2357 cap.
571 2265 815 2338 Lxxrrrr..

218 2401 363 2488 Samuel,
377 2403 564 2470 Edessenae
587 2403 741 2472 ecelesiae
763 2405 940 2489 presbyter,
962 2403 1067 2470 multa
1090 2403 1145 2470 sd-

129 2511 242 2559 versus
265 2493 419 2558 ecelesiae
442 2491 591 2558 inimicos
605 2491 690 2577 Syro
714 2514 864 2560 sermone
887 2495 1073 2560 construere
1096 2493 1144 2558 di·

128 2582 227 2664 eitur,
255 2581 430 2666 praecipua
455 2583 566 2646 tamen
589 2581 769 2648 intentione
792 2584 907 2650 eontra
928 2579 1146 2648 Nestorianos

129 2673 162 2736 et
192 2663 416 2756 Eutychianos
450 2673 483 2736 et
514 2669 750 2736 Timotheanos
786 2671 947 2754 novellos,
983 2669 1041 2736 ssd
1079 2669 1145 2735 sibi

74 2760 109 2810 2⁶
130 2757 274 2826 diversos
296 2759 466 2828 hereticos.
507 2758 601 2828 Unde
625 2763 658 2826 et
680 2759 866 2846 frequenter
888 2759 1072 2825 triformem
1089 2759 1145 2824 be·

129 2847 226 2912 stiam
250 2849 469 2918 ecclesiastiea
492 2849 632 2936 {insemel
660 2849 822 2916 sententia
849 2871 923 2915 oum
946 2848 1146 2914 auctoritate

203 3040 348 3098 1Bamb.=
369 3041 512 3098 Marciano
609 3047 624 3096 i
643 3041 739 3097 Beros
758 3039 902 3098 cannatae
993 3045 1028 3094 14
1045 3037 1145 3095 Bamb.

130 3114 160 3168 et
177 3111 293 3169 Veron:
312 3111 342 3166 in
361 3111 412 3166 illo
430 3111 522 3166 minus
540 3111 695 3179 inveniann
713 3111 810 3168 Bora:
828 3111 859 3166 in
877 3110 928 3168 illo
946 3109 1049 3166 nimius
1067 3109 1145 3166 inss-

126 3183 204 3240 nitur
285 3186 319 3236 15
338 3179 436 3234 Bamb.
456 3181 486 3234 et
503 3179 590 3236 Bern:
609 3185 708 3238 auotor
786 3187 821 3235 24
839 3181 935 3236 Boron
958 3179 1018 3236 sive
1036 3179 1074 3236 ad

129 3261 164 3311 26
183 3254 295 3310 Bamb.=
319 3247 539 3308 ecelesiasticam
561 3251 648 3304 semel
667 3250 852 3316 sententiam
879 3249 961 3305 Bam.
980 3253 1010 3306 et
1027 3249 1143 3306 Veron:

128 3321 320 3382 ecclesiastiea
337 3321 367 3376 in
384 3317 470 3375 semel
490 3317 642 3385 sententia3
662 3319 791 3385 (insemel
810 3344 844 3366 a
861 3318 987 3389 insimul)
