2522 3802
504 89 722 154 ..46-

106 229 253 296 salutem.
300 225 335 294 Si
357 228 494 314 inritus,
520 232 559 294 nt
581 227 674 309 dieis,
702 227 870 294 ordinatus
893 249 941 310 es,
963 229 1124 313 probahis

104 318 182 403 hoe,
204 339 278 384 eum
302 317 415 382 volens
437 317 631 384 recesseris?
1019 351 1022 356 Δ

193 403 257 470 Itst
284 405 353 472 eius
385 409 419 471 et
455 407 496 472 ad
523 405 720 491 Dionysium
754 408 788 470 et
812 403 991 490 Didymum
1018 406 1126 473 altera

104 493 245 580 epistula
271 497 306 559 et
333 489 545 580 ἑορταστικαί
569 493 608 558 de
634 493 758 578 pascha
779 493 938 578 plurimae
961 494 1123 562 declame-

69 597 86 646 o
105 583 191 649 torio
214 603 364 648 sermone
387 583 602 668 conscriptae,
625 587 659 647 ct
681 581 723 647 ad
744 581 999 648 Alexandrinum
1021 584 1124 651 eccle-

106 672 188 738 siam
211 671 250 736 de
273 671 403 756 exsilio,
432 675 465 736 et
487 671 528 736 od
549 669 738 756 Hieracem,
765 671 801 735 in
823 669 975 787 Aepypto
998 673 1123 826 episco-

103 781 192 846 pum,
205 764 240 826 et
253 760 318 825 alia
332 759 384 826 ‘de
397 757 608 825 mortalitate'
627 763 661 825 et
674 758 726 824 ‘de
740 759 877 825 sabbato
904 763 938 825 et
950 779 1012 846 xeo
1040 785 1125 846 γυμ-

104 851 238 932 νασίου,
261 851 294 913 et
316 848 358 914 ad
376 847 677 933 Hermammonem,
695 848 812 913 atalia
831 847 883 914 ‘de
897 851 1125 933 persecutione

103 937 227 1041 Decii',
247 940 280 1002 et
306 937 370 1002 duo
398 937 474 1002 libri
503 935 686 1002 ‘adversum
714 935 891 1039 Nepotem’
924 939 1124 1042 episcopum,

52 1043 87 1092 ¹⁰
105 1025 457 1200 tiatira-‘tt
480 1025 1123 1198 {ttztttttt13tttsstithz

103 1201 231 1269 tissime
255 1201 414 1288 disputat,
437 1203 470 1267 et
493 1201 647 1268 adversus
671 1199 848 1268 Sabellium
871 1205 905 1267 et
927 1203 968 1268 ad
987 1201 1121 1270 Ammo·

103 1313 193 1376 nem,
216 1289 390 1356 Beronices
414 1292 616 1376 episcopum,
639 1294 673 1357 et
694 1291 736 1357 ad
749 1290 1000 1377 Telesphorum,
1023 1291 1122 1357 etad

103 1379 363 1466 Euphranorem,
385 1382 420 1444 et
438 1383 593 1466 quattuor
614 1381 692 1446 libri
710 1380 752 1444 ad
770 1378 976 1464 Dionysium,
996 1379 1119 1446 Rome

53 1483 86 1533 15
106 1491 167 1534 nae
189 1468 280 1534 urbis
304 1469 505 1554 episcopum,
529 1469 570 1534 ad
583 1468 799 1535 Laodicenses
823 1467 874 1532 ‘de
897 1467 1123 1552 paenitentia’,

104 1557 146 1622 ad
168 1556 343 1642 Origenem
367 1556 423 1622 ‘de
445 1556 630 1641 martyrio',
658 1556 699 1622 ad
726 1555 900 1622 Armenios
924 1555 980 1622 ‘de
1009 1557 1122 1642 poeni-

103 1645 222 1712 tentia'
245 1650 279 1711 et
301 1645 357 1710 ‘de
380 1645 493 1712 ordine
516 1644 734 1730 delictorum’,
758 1645 814 1711 ‘de
836 1644 974 1710 natura'
1002 1645 1044 1710 ad
1066 1643 1121 1710 'Ih-
1219 1711 1226 1720 ,

104 1735 286 1820 motheum,
313 1733 369 1799 ‘de
397 1731 684 1818 temptationibus'
712 1733 753 1798 ad
782 1733 1045 1819 Euphranorem,
1077 1733 1119 1799 ad

104 1821 283 1889 Basilidem
314 1845 440 1908 quoque
468 1822 590 1887 multae
618 1821 792 1907 epistulae,
825 1824 860 1887 in
889 1844 1026 1907 quarum
1053 1843 1120 1887 una

50 1929 85 1979 20
104 1933 139 1978 se
162 1912 279 1977 asserit
301 1912 402 1978 etiam
419 1911 455 1975 in
468 1909 690 1976 Ecclesiasten
708 1912 853 1997 coepisse
873 1911 1013 1976 scribere
1035 1931 1121 1977 oom-

103 2000 290 2066 meuturios.
350 1997 413 2065 Sed
446 2005 479 2065 et
511 1999 664 2065 adversus
698 1999 838 2067 Paulum
872 1997 1121 2066 samosatenum

104 2093 181 2156 aute
203 2109 324 2175 paucos
347 2087 416 2154 dies
435 2111 533 2175 quem
556 2091 746 2175 moreretur,
768 2089 907 2176 insignis
926 2089 995 2153 eins
1018 2087 1122 2154 fertur

103 2179 252 2264 epistula

192 2265 332 2332 Moritur
354 2265 545 2332 duodecimo
569 2265 709 2332 Gallieni
732 2287 829 2331 anno.

50 2479 85 2529 so
500 2464 582 2556 Gap.
610 2463 735 2537 LXX.

192 2603 411 2687 Novatiauus,
437 2599 603 2668 Romanae
633 2602 724 2668 urbis
751 2601 935 2688 presbyter,
965 2602 1120 2668 adversus

104 2691 291 2760 Cornelium
320 2692 506 2760 cathedram
536 2689 769 2758 sacerdotalem
796 2695 934 2756 conatus
956 2691 1118 2776 invadere,

103 2782 364 2850 Novatianorum
397 2781 483 2867 quod
515 2801 629 2866 graece
661 2779 779 2850 dicitur
804 2781 969 2860 καθαρῶν
1000 2780 1121 2866 dogma

105 2872 277 2937 constituit
289 2872 438 2937 nolense
461 2873 586 2937 ostatas
601 2869 765 2954 suscipere
778 2870 991 2955 paenitentes.
1013 2869 1120 2935 Huius

22 3027 28 3032 .
53 2977 87 3027 30
106 2963 221 3026 auctor
242 2959 406 3045 Novatus,
430 2893 587 3044 dypriani
610 2959 783 3044 presbyter
800 2959 870 3026 fuit
908 2956 1048 3043 Scripsit
1066 2980 1120 3024 au·

177 3143 193 3190 e
211 3133 276 3192 vae
287 3105 421 3189 eume.
433 3133 566 3189 essem:
577 3134 740 3202 nereum
759 3133 900 3188 Μαι»,
918 3133 1076 3188 Herechem

106 3211 141 3262 10
158 3205 270 3261 Barnh:
290 3205 443 3270 asseverat3
463 3205 604 3260 Norimb.:
623 3203 746 3259 affimat
808 3210 841 3257 14
860 3201 973 3258 Bemb.:
991 3203 1119 3273 Euphra·

104 3279 153 3333 ten
227 3283 259 3332 15
279 3275 357 3330 Vct:
375 3272 516 3344 patientia
592 3275 646 3328 hoc
668 3273 733 3328 loco
751 3273 788 3328 nh
807 3273 929 3327 addunt:
948 3273 1018 3326 item
1035 3290 1119 3328 cano·

107 3357 181 3403 nem·
192 3347 227 3402 de
245 3343 418 3418 paenitentia
436 3343 556 3414 (Μίμας
574 3343 644 3398 item
662 3342 699 3398 ad
717 3341 858 3396 canonem
879 3341 913 3394 de
932 3343 1118 3412 paenitentia)
