2522 3802
564 130 607 138 ..
654 93 696 156 52
741 127 783 136 ..

531 237 613 328 cap.
646 235 827 308 oxrrrr.

256 372 385 454 Lucius,
402 377 479 458 post
494 373 714 439 Athanasium
729 373 869 439 Arianae
885 373 988 458 partis
1003 375 1198 461 episcopus,

165 484 268 547 usque
291 461 333 527 ad
351 461 569 527 Theodosium
591 461 780 546 principem,
803 484 822 527 a
846 485 909 547 quo
933 467 966 528 et
987 463 1102 548 pulsus
1130 469 1197 547 est,

166 550 420 616 Alexandrinam
435 550 603 616 ecclesiam
615 549 731 616 tenuit
762 550 905 617 Exstant
923 551 992 617 eiua
1006 551 1194 618 sollemnes
1257 627 1258 630 Ἴ

131 638 218 794 aidlp
232 637 380 792 llpascha'
410 638 568 723 epistulae
601 642 634 704 at
660 639 757 723 pauci
787 640 952 706 variarum
983 633 1193 706 ὑποθέσεων

213 749 230 792 e
269 777 276 792 .

551 818 632 910 aaa.
664 818 804 890 cxlx.

254 956 430 1040 Diodorus,
463 955 634 1022 Tarsensis
667 957 852 1041 episcopus,
884 955 961 1022 dum
988 955 1191 1024 Antiochiae

166 1050 251 1111 esset
263 1045 441 1130 presbyter,
460 1045 566 1130 magis
584 1045 710 1111 claruit.
745 1045 889 1110 Exstant
908 1045 977 1110 eins
995 1045 1031 1110 in
1050 1051 1190 1131 aposto-

114 1155 146 1203 10
165 1136 232 1200 lum
264 1133 489 1200 commentarii
525 1137 558 1199 et
593 1135 695 1200 multa
732 1133 798 1199 alia
835 1133 876 1198 ad
908 1133 1042 1199 Eusebii
1076 1137 1188 1221 magis

165 1224 310 1290 Emiseni
337 1222 557 1289 characterem
585 1223 797 1307 pertinentia,
830 1222 919 1287 ouius
948 1243 1021 1288 cum
1050 1245 1187 1290 sensum

166 1316 294 1378 secutus
323 1312 379 1396 sit,
412 1311 630 1396 eloquentiam
663 1311 786 1376 imitari
816 1333 884 1376 non
915 1311 1023 1394 potuit
1048 1316 1189 1396 propter

165 1399 384 1486 ignorantiam
408 1401 623 1466 saecularium
644 1401 837 1464 litterarum.

555 1579 638 1672 Cup.
670 1579 786 1652 CXX.

112 1737 144 1786 15
252 1719 446 1803 Eunomiua,
473 1717 615 1784 Arianae
653 1719 755 1803 partis
783 1716 962 1802 Cyzicenus
999 1718 1187 1802 episcopus,

164 1808 199 1872 in
227 1811 373 1892 apertam
400 1807 550 1872 hereseos
580 1828 657 1872 suae
683 1808 832 1892 prorupit
854 1805 1104 1891 blasphemiam,
1137 1811 1187 1891 nt,

164 1897 250 1981 quod
273 1896 322 1960 illi
344 1898 477 1980 tegunt,
500 1897 564 1962 iste
587 1896 716 1980 publice
738 1893 904 1962 fateretur.
950 1894 1060 1980 Usque
1083 1895 1185 1960 hodie

164 1986 271 2051 vivere
290 1984 408 2050 dicitur
429 1985 465 2049 in
483 1983 689 2068 Cappadocia
707 1987 741 2048 et
758 1985 861 2050 multa
879 1991 992 2049 contra
1011 1984 1184 2050 ecclesiam

163 2074 348 2140 rescribere.
399 2073 649 2159 Responderunt
679 2073 709 2137 ei
736 2072 976 2159 Apollinarius,
1008 2072 1184 2156 Didymus,

108 2181 143 2230 ao
161 2162 303 2228 Basilius
325 2159 554 2247 Caesariensis,
573 2159 750 2248 Gregorius
763 2161 989 2229 Nazianzenus
1008 2165 1041 2226 et
1058 2159 1091 2226 N
1091 2183 1182 2245 ysse

161 2273 223 2316 nus
247 2252 329 2317 alter
352 2250 537 2336 Gregorius.

543 2413 626 2506 Cap.
658 2413 797 2486 CXXI.

250 2551 482 2634 Priscillianus,
495 2550 613 2616 Abilae
627 2551 805 2635 episcopus,
820 2551 875 2636 qui
888 2549 1031 2616 faotione
1040 2547 1183 2635 Hydatii

161 2643 194 2706 et
210 2639 328 2705 Ithacii
341 2639 490 2705 Treveris
510 2639 685 2704 aMaximo
704 2643 845 2724 tyranno
865 2659 979 2704 caesus
1000 2641 1058 2723 est,
1078 2639 1184 2704 edidit

106 2747 141 2796 aa
160 2730 263 2795 multa
286 2729 450 2813 opuscula,
473 2728 513 2793 de
536 2728 653 2812 quibus
677 2726 719 2791 ad
737 2749 797 2793 nos
823 2728 932 2813 aliqua
952 2731 1181 2814 pervenerunt

160 2817 223 2882 Hic
240 2838 342 2902 usque
360 2817 456 2882 hodie
476 2838 495 2880 a
512 2816 679 2882 nonnullis
702 2817 879 2903 gnosticae,
902 2817 935 2882 id
955 2819 1005 2882 est
1022 2814 1180 2883 Basilidis

158 2906 209 2970 vel
218 2903 332 2990 Marci,
345 2906 385 2971 da
399 2905 519 2991 quibus
533 2904 686 2971 irenaeus
696 2906 818 2989 scribit,
831 2905 983 2972 hereseos
998 2912 1181 2990 accusatur,

158 2992 405 3060 defendentihus
429 2993 502 3060 aliis
524 3016 592 3061 non
614 2995 662 3060 ita
684 3017 759 3060 eum
782 2994 929 3079 sensisse,
956 2999 993 3060 ut
1016 2993 1178 3078 arguitur.

229 3139 246 3188 t
260 3133 372 3191 bamba
387 3133 556 3205 sollempnes
620 3137 637 3190 t
651 3133 763 3190 Bamh:
777 3127 960 3204 κατηχήσεων
1028 3139 1062 3189 16
1076 3133 1178 3189 Bamb.

159 3206 189 3260 et
209 3205 350 3264 Nerium:
372 3219 603 3276 prorumpens..
714 3211 746 3260 19
770 3203 881 3260 Bamb.=
904 3205 1012 3273 diuersa
1038 3205 1120 3260 Bam.
1150 3207 1181 3259 et

36 3321 42 3330 ‚
159 3276 299 3334 Norimb.=
313 3277 432 3336 scribere
445 3292 530 3332 ansus
547 3277 591 3331 est
645 3281 681 3334 to
694 3275 805 3332 samu:
820 3275 851 3332 et
865 3275 1021 3344 Emisenua3
1036 3275 1178 3332 Norimb.:

160 3349 190 3403 et
206 3347 328 3407 Nisenns
396 3353 431 3402 24
448 3345 526 3401 Vota
545 3345 668 3401 Triberis
