2522 3802
522 142 563 152 ....
610 105 654 171 53
700 143 742 154 ..-

454 267 537 362 oop.
564 267 814 342 zxxxvrr.

215 403 431 490 Athanasius,
458 403 699 471 Alexandrinae
720 406 811 471 urbis
835 406 1016 493 episcopus,
1039 406 1142 472 multa

124 493 322 560 Asianorum
345 514 518 579 perpessus
541 493 683 580 insidiis,
706 494 747 560 ad
766 491 996 579 Constantem,
1019 492 1141 560 Gallia-

123 604 197 648 rum
224 581 419 667 prinoipem,
445 581 547 668 fugit,
573 582 659 648 unde
687 601 834 648 reversus
862 603 935 648 eum
961 582 1080 648 litteris
1109 586 1143 648 et

123 693 254 737 rursum
279 673 357 754 post
383 673 522 738 mortem
549 669 638 736 illius
661 671 793 758 fugatus
825 691 927 756 usque
950 670 992 736 ad
1013 669 1141 736 Ioviani
1160 689 1176 738 5

125 759 300 845 imperium
323 758 436 844 latuit,
462 781 483 824 a
510 779 575 843 quo
604 763 736 844 recepte
759 758 977 828 ecelesiasub
1000 756 1142 824 Valente

125 849 272 932 moritur.
316 846 480 912 Feruntur
508 847 577 914 eius
606 846 792 914 ‘adversum
819 845 956 935 gentee'.
977 846 1055 912 libri
1078 846 1142 912 duo

127 942 160 1002 et
183 935 313 1004 ‘eontra
334 934 508 1002 Valentem
538 939 571 1001 et
593 933 777 1002 Ursaeium’
805 959 902 1022 nnus,
931 935 981 1002 ‘de
1008 935 1142 1022 virgini·

124 1023 222 1111 tate',
245 1023 302 1091 ‘ds
323 1024 606 1109 persecutionibus
628 1023 841 1092 Arianorum'
870 1024 1003 1112 plurimi
1030 1028 1064 1090 et
1092 1023 1142 1088 ‘de

124 1114 328 1200 psalmorum
345 1111 465 1180 titulis’
483 1116 518 1177 et
535 1111 687 1178 ‘historia
700 1113 839 1180 Antonii
857 1111 1021 1181 monachi'
1039 1113 1142 1179 vitam
1162 1131 1195 1182 ιο

125 1202 300 1270 continens
323 1204 357 1266 et
379 1197 591 1286 ἑορταστικαί
611 1202 768 1288 epistulae
791 1205 825 1268 et
842 1203 945 1270 multa
962 1201 1038 1287 alia,
1060 1223 1142 1286 quas

126 1312 317 1358 enumerare
339 1290 475 1376 longum
498 1293 557 1358 est.

375 1593 378 1598 ,
449 1487 531 1580 Gap.
559 1486 832 1561 LXXXVIII.

216 1625 380 1692 Antonius
403 1626 597 1710 monachus,
620 1627 710 1692 euius
729 1627 831 1691 vitam
845 1624 1055 1709 Athanasius,
1068 1621 1143 1688 Ale·

126 1715 282 1781 nandriae
311 1714 496 1800 episeopus,
523 1715 646 1800 insigni
675 1715 840 1781 volumine
867 1716 1058 1798 prosecutus
1085 1715 1196 1797 est,15

126 1805 217 1870 misit
231 1803 441 1889 aegyptiacas
461 1803 502 1868 ad
520 1803 649 1869 diversa
666 1803 864 1870 monasteria
883 1801 1053 1888 apostolici
1072 1823 1143 1868 sen-

127 1915 183 1958 sus
212 1892 435 1977 sermonisque
462 1891 619 1977 epistulas
647 1896 784 1978 septem,
817 1913 898 1977 quae
930 1891 965 1956 in
993 1911 1144 1977 graecam

127 1981 276 2067 linguam
303 1981 482 2046 translatae
513 1983 603 2066 sunt,
637 2003 774 2065 quarum
806 1979 982 2064 praecipua
1010 1983 1061 2044 est
1090 1977 1143 2044 ‘ad

126 2068 342 2136 Arsenoitas'.
378 2067 505 2136 Floruit
518 2065 737 2136 constantino
761 2071 794 2133 et
815 2067 890 2132 filiis
914 2067 983 2132 eius
1005 2087 1144 2152 regnan·

126 2159 226 2226 tibus
1163 2172 1197 2222 20

485 2303 568 2396 Cap.
599 2301 791 2375 XXXIX.

217 2441 377 2526 Basilius,
403 2440 595 2525 Aneyranus
628 2440 812 2524 episeopus,
848 2437 929 2504 artis
965 2437 1144 2542 meglieinae

127 2551 252 2686 llil
272 2525 836 2702 {illinititilttllmigl
857 2525 1143 2682 timisti?

128 2707 325 2775 catonianae
351 2708 456 2793 partis
485 2728 559 2772 oum
577 2668 757 2772 ²Flustathio
787 2701 965 2770 Sebasteno
993 2703 1144 2788 princeps
1163 2719 1197 2770 aa

128 2795 199 2864 init

543 2939 625 3032 Gap.
656 2939 733 3012 XO.

218 3077 424 3163 Theodorus,
441 3075 619 3144 Heracleae
637 3075 852 3144 Thraciarum
875 3077 1060 3162 episeopus,
1083 3075 1144 3140 ele·

128 3169 239 3255 gantis
262 3168 430 3255 apertique
458 3166 617 3233 sermonis
647 3170 680 3232 et
702 3166 808 3253 magis
830 3165 1006 3232 historicae
1028 3161 1143 3228 intelli·

200 3359 348 3417 2Ba1nb.:
366 3358 472 3414 multas
491 3402 497 3416 .
518 3401 524 3428 ,
541 3357 658 3414 insidias
730 3365 763 3414 16
782 3358 893 3413 Bamb.=
912 3353 1079 3424 aegyptiace
