2522 3802
517 95 736 160 ...56-

119 259 183 304 nee
205 237 296 302 urbis
318 236 521 320 episcopum,
548 257 607 319 pro
634 234 698 302 tide
727 232 769 300 ed
791 232 924 300 exilium
946 238 1146 320 pergentem

120 325 243 410 primus
267 324 458 389 sollicitavit
484 323 638 409 etfregit
665 326 700 388 et
722 322 764 388 ed
787 321 1060 405 subscriptionem
1082 322 1146 388 he·
1257 343 1258 424 j

119 433 228 480 resecs
252 411 418 497 compulit.

484 590 566 684 cap.
597 588 782 664 xcvrn.

84 741 101 792 c
211 731 363 816 Acacius,
392 751 501 816 quem,
532 727 609 814 quia
639 729 749 794 luscus
777 731 861 814 eret,
887 724 1145 816 μονόφθαλμον

120 820 362 906 nuncupabant,
385 817 605 884 Caesariensis
624 815 778 882 ecclesiae
800 817 835 882 in
856 817 1046 884 Palaestine
1068 819 1139 904 epi·

121 929 251 1008 scopus,
283 906 463 972 elaboravit
492 905 528 970 in
557 903 780 1014 Ecclesiesten
807 903 918 972 decem
950 909 984 971 et
1011 911 1141 992 septem

119 994 1139 1168 diffiil'eriisiiiiiiiilliwimillmdu‘dlpffi

66 1183 101 1233 10
120 1168 313 1237 Constantio
336 1171 533 1256 imperatore
556 1133 687 1250 clandit,
704 1174 742 1235 ut
759 1171 795 1235 in
808 1169 930 1237 Liberii
947 1170 1057 1237 locum
1072 1171 1139 1240 Rc·

119 1281 191 1325 mse
213 1257 354 1325 Felicem
377 1259 564 1346 episcopum
587 1259 809 1326 constitueret

502 1441 585 1534 Gap.
616 1437 757 1514 XOIX.

210 1575 381 1664 Serapion,
400 1577 566 1646 Thmueus
584 1577 770 1663 episcopus,
793 1577 849 1662 qui
872 1577 915 1643 ob
938 1577 1139 1664 elegantiam

67 1767 101 1816 15
120 1665 682 1822 ingeniihicrffintomgdischolesatlici
709 1665 842 1820 merrfflt,
869 1687 968 1819 Ιιιῗὶτιιε
999 1665 1141 1784 {intonit

120 1777 236 1930 {dido
250 1778 373 1909 librudn
396 1777 448 1908 eet
482 1759 772 1926 iggepmgffi
803 1775 1142 1911 tiatdllis’oezdiurdgrdt

119 1931 161 1998 ed
184 1932 328 1998 diversos
356 1931 454 1998 utiles
481 1929 651 2016 epistiles,
679 1933 713 1995 ct
736 1929 796 1996 sub
821 1927 1017 1999 Constantio
1046 1933 1137 2019 prin-

119 2021 189 2107 cipe
213 2020 313 2086 etiem
335 2019 372 2086 in
394 2018 597 2088 confessione
620 2019 752 2086 inclitus
774 2018 848 2086 fuit.

550 2201 633 2294 Cap.
666 2200 701 2272 0.

66 2353 102 2403 20
209 2336 365 2423 Hilarius,
387 2339 478 2406 urbis
496 2338 705 2406 Pictsvorum
720 2337 936 2424 Aquitanicae
955 2339 1140 2426 episcopus,

121 2426 263 2494 sectione
295 2425 477 2512 Setrnnini,
508 2427 710 2494 Arelatensis
742 2427 902 2512 episcopi,
934 2427 974 2494 de
1010 2430 1139 2514 synodo

122 2515 301 2582 Biterrensi
313 2515 494 2602 Phrygiam
507 2516 680 2600 relegatus,
694 2515 860 2582 duodecim
875 2516 1029 2584 adversus
1042 2517 1139 2584 Aris-

121 2627 182 2671 nos
197 2604 337 2671 confecit
354 2605 457 2670 libros
482 2608 515 2669 et
533 2604 634 2669 elium
652 2605 773 2669 librum
793 2603 845 2670 ‘de
863 2605 1017 2690 synodis',
1040 2627 1139 2691 quem

123 2693 164 2759 ed
186 2691 368 2760 Galliarum
396 2693 567 2778 episcopos
595 2692 739 2778 scripsit,
766 2697 800 2758 et
825 2694 861 2760 in
883 2695 1027 2779 psalmos
1051 2716 1138 2761 com·

67 2782 312 2868 cementarios,
339 2782 482 2867 primum
509 2779 659 2847 videlicet
688 2783 722 2846 et
744 2781 921 2848 secundum
944 2785 978 2848 et
1000 2805 1020 2848 c
1042 2783 1137 2868 qnin-

122 2871 313 2956 quagesimo
335 2871 441 2956 primo
461 2891 563 2956 usque
583 2869 624 2935 ed
643 2871 882 2956 sexagesimum
905 2872 1080 2938 secundnm
1103 2877 1139 2938 ct

121 2956 302 3024 acxvm
325 2979 427 3044 usque
447 2959 488 3024 sd
507 2961 700 3045 extremum
723 2960 756 3026 in
780 2982 844 3046 quo
868 2981 966 3045 opere
989 2960 1137 3026 imitatus

121 3045 294 3133 Origenem
321 3047 481 3114 nonnulle
508 3046 608 3114 etiem
636 3047 675 3113 de
703 3070 762 3114 suo
790 3047 925 3114 eddidit
977 3049 1040 3116 Ilst
1068 3049 1137 3114 cius

120 3139 154 3202 et
175 3134 229 3203 ‘ed
253 3133 497 3204 Constentinm'
519 3136 663 3222 libellus,
686 3159 783 3222 quern
805 3136 928 3203 viventi
949 3135 1138 3204 Constanti·

192 3281 209 3332 Ξ
227 3277 337 3334 Bemb.=
350 3275 562 3348 inscriptionem
605 3281 639 3331 13
658 3275 770 3332 namn:
785 3274 938 3332 Tlrimuens
976 3279 1010 3332 28
1024 3277 1137 3335 Bemb.:

120 3348 155 3403 de
174 3365 225 3405 suo
243 3367 327 3405 sensu
344 3348 432 3405 edidit
