2522 3802
540 131 578 142 ..
626 97 669 162 43
717 131 756 141 -

141 239 175 301 et
207 235 318 302 decem
349 235 441 301 libris
464 235 521 302 ‘de
549 235 773 303 arithmeticae
800 234 1083 302 instititicnibns'
1110 236 1165 301 in·

140 323 288 410 telligere
309 343 493 409 pessumus.

502 541 584 632 Cap.
612 537 798 614 LXXIV.

231 695 435 780 Victorinus,
462 694 711 762 Petabionensis
743 697 930 782 episcopus,
961 718 1029 763 non
1058 717 1164 782 aeque
1253 697 1254 770 Ῐ

106 785 244 855 elatine
274 788 312 850 ut
341 805 456 871 graece
484 787 630 850 noverat
674 783 772 851 Unde
802 807 903 870 opera
929 785 999 850 eius
1022 785 1163 872 grandia
1253 861 1254 878 χ

143 873 298 1026 sensibupl
306 873 424 938 viliora
437 873 588 938 videntur
601 873 839 958 compositione
854 875 1038 940 verborum.
1076 872 1163 940 Sunt

142 966 252 1028 autem
299 983 369 1027 aec:

231 1047 469 1118 ‘commentarii
491 1051 526 1117 in
550 1049 717 1134 Genesim,
740 1049 775 1114 in
795 1047 959 1135 Ehodum,
982 1051 1018 1115 in
1035 1049 1161 1116 Leviti-

142 1159 232 1226 cum,
258 1137 293 1204 in
320 1135 469 1224 Flsaiam,
495 1139 531 1204 in
557 1135 721 1224 Ezechiel,
748 1139 784 1204 in
806 1139 953 1224 Abacuc,
983 1139 1019 1203 in
1045 1137 1162 1206 Eccle

90 1249 124 1299 ιο
142 1228 280 1344 nissen,
302 1227 338 1292 in
357 1225 529 1294 Canticum
547 1226 771 1314 (leuticorum,
794 1227 829 1292 in
851 1226 1086 1313 Apocalypsim
1109 1227 1162 1296 Io·

141 1315 268 1402 hannis,
302 1315 486 1382 ‘adversum
506 1325 621 1382 ‘omnes
644 1315 796 1401 hereses’,
820 1320 853 1381 et
874 1317 979 1382 multe
1001 1317 1077 1382 elia

231 1405 283 1471 Ad
306 1409 486 1472 extremum
509 1407 666 1492 martyrio
689 1409 861 1472 coronatus
884 1408 944 1471 est.

516 1641 597 1732 Gap.
625 1639 787 1712 LXXV.

230 1797 422 1884 Pamphilus
436 1797 616 1882 presbyter,
628 1795 765 1862 llusebii
779 1793 1000 1862 Caesariensis
1014 1794 1163 1881 episcopi

90 1903 124 1956 15
143 1887 355 1972 necessarius,
373 1889 466 1952 tanto
484 1883 703 1952 bibliothecae
721 1883 850 1950 divinae
869 1905 979 1950 amore
997 1881 1164 1970 flagravit,

142 1979 180 2040 ut
206 1975 380 2042 maximam
410 1977 536 2062 partem
559 1974 712 2060 Origenis
739 1972 941 2040 voluminum
973 1993 1033 2037 sua
1059 1993 1164 2039 mann

142 2063 362 2150 descripserit,
388 2085 471 2150 qnae
498 2085 601 2150 usque
630 2062 727 2129 hodie
753 2063 788 2127 in
816 2061 1019 2128 Caesariensi
1042 2059 1162 2128 biblic-

141 2153 238 2220 theca
268 2153 437 2220 habentur.
491 2152 554 2220 Sed
586 2154 622 2219 in
654 2151 822 2218 duodecim
854 2149 1033 2235 prophetas
1065 2149 1163 2216 XXV

58 2285 71 2308 .
143 2239 331 2328 ἐξηγήσεων
353 2242 505 2330 Origcnis
533 2263 633 2307 manu
657 2242 725 2307 einr
749 2244 883 2307 exarata
904 2239 1049 2324 repperi,
1077 2261 1163 2325 quae

88 2351 124 2401 20
143 2335 236 2397 tanto
264 2331 431 2416 amplexor
459 2335 493 2396 et
521 2351 614 2396 servo
642 2330 776 2416 gaudio,
803 2327 977 2394 ut·(lroesi
1000 2349 1079 2412 opes
1103 2329 1162 2394 ha-

142 2419 217 2486 bere
245 2441 296 2484 me
323 2420 460 2486 credam.
507 2417 547 2486 si.
570 2419 657 2484 enim
684 2419 811 2486 laetitia
841 2421 892 2483 est
912 2437 1013 2482 uuam
1036 2417 1160 2501 epistu-

141 2508 208 2574 lam
225 2509 346 2574 habere
364 2509 533 2594 martyris,
551 2511 674 2593 quanto
693 2508 800 2593 magis
818 2511 870 2572 tot
887 2506 980 2571 milia
997 2526 1161 2591 versuum,

144 2619 226 2684 quae
249 2598 329 2664 mihi
352 2597 480 2664 ridetur
503 2598 651 2684 signasse
675 2595 726 2660 sui
748 2594 918 2680 sanguinis·
941 2594 1105 2680 vestigiis!

233 2685 385 2774 Scripsit,
408 2691 583 2771 antequam
600 2683 763 2750 Eusebius
787 2683 956 2763 scriberet,
979 2684 1162 2770 apologeti·
1253 2667 1254 2748 l

88 2808 123 2860 ae
144 2777 246 2842 ticum
268 2799 327 2864 pro
351 2773 503 2863 Origene,
531 2777 564 2842 et
586 2795 704 2859 passus
728 2776 779 2839 est
801 2771 979 2840 Caesareae
1002 2769 1162 2840 Palaesti·
1253 2769 1254 2806 ³

142 2886 204 2931 nae
228 2867 288 2932 sub
311 2865 533 2952 persecutione
556 2861 735 2930 Maximini.

217 3063 230 3112 1
251 3057 349 3114 Bamb.
364 3058 544 3114 etNorimb.=
562 3057 598 3114 de
617 3057 715 3113 decem
733 3055 813 3112 libris
831 3054 1029 3112 arithmeticae
1047 3053 1161 3110 institu-
1253 3039 1254 3082 l

145 3127 230 3187 tionis
302 3133 320 3182 4
339 3129 436 3186 Bamb.
453 3131 483 3184 et
500 3127 639 3186 Norimb.=
658 3126 880 3183 Pictavionensis
959 3129 992 3179 18
1010 3125 1089 3180 Vat.:
1108 3126 1161 3181 be-

144 3202 227 3258 batur
297 3199 408 3256 Bamb:
428 3199 478 3254 sed
497 3202 527 3256 et
599 3205 632 3253 19
651 3197 778 3253 Norimb.
799 3200 829 3252 et
842 3195 939 3252 Rern:
961 3194 1092 3266 Origenis
1109 3213 1162 3253 vc·

144 3271 253 3328 lumina
323 3277 358 3327 20
371 3269 484 3324 Banu:
503 3269 659 3340 amplecter
731 3273 765 3322 23
780 3267 892 3322 Bambt
911 3264 1044 3322 videntur
1058 3295 1091 3306 --
1110 3284 1161 3323 ve.
1253 3299 1254 3306 κ

143 3343 229 3414 stigia
301 3349 335 3399 26
353 3341 427 3407 vna,
445 3338 544 3398 Bamb.
563 3341 594 3396 ct
610 3337 707 3394 Barna
726 3335 891 3392 Maximiani
