2522 3802
532 115 772 180 ..108-

147 259 225 342 post
247 259 400 341 quattuor
418 255 543 339 priores
561 255 618 340 qui
637 259 895 341 composuerunt,
917 257 950 322 id
973 258 1025 320 est
1037 253 1172 340 Hippo

117 346 268 430 'lytum,
289 343 483 428 Eusebium,
505 343 722 427 Theophilum
746 349 780 410 et
801 343 1004 429 Prosperum,
1031 349 1066 409 et
1096 365 1173 428 per·

146 433 254 500 tendit
277 455 437 499 annorum
461 433 577 500 seriem
605 454 708 518 usque
736 433 777 499 ad
801 455 923 500 annum
945 432 1172 518 quingentesi-

147 543 238 588 mum
259 521 465 608 trigasimum
489 519 678 605 secundum,
700 522 748 587 ita
771 525 808 587 ut
825 520 1085 608 quingentesimo
1110 521 1172 586 tri·

113 611 276 696 agesimo
308 611 407 676 tertio
440 631 526 677 anno
558 609 722 695 paschalis
756 610 928 696 reincipiat
958 609 1171 676 sollemnitas

77 745 79 752 ,
151 699 263 765 eodem
286 721 397 765 mense
421 703 455 766 et
473 699 524 764 die
547 699 723 783 eademque
740 699 832 785 lune,
851 721 916 785 qna
932 698 1075 784 primum
1094 721 1171 782 pas-

149 789 198 854 sio
223 809 261 853 ac
282 788 475 854 resurrectio
497 787 671 854 Dominica
692 787 781 854 faeta
804 791 863 855 est

484 950 566 1041 αφ.
593 950 824 1024 arrisu.

239 1085 472 1166 Theodoritus,
505 1085 583 1174 Gyri
624 1089 766 1156 civitatis
804 1091 988 1176 episcopus,
1015 1087 1051 1178 (a
1079 1087 1171 1176 Cyro

95 1190 129 1242 ιο
149 1175 252 1260 enim,
278 1197 356 1262 rege
379 1175 568 1264 Persarum,
598 1179 729 1246 condita
758 1183 867 1246 servat
892 1178 1054 1266 hodieque
1082 1180 1172 1264 apud

151 1262 281 1350 Syriam
308 1286 431 1331 nomen
459 1265 616 1354 auctoris)
645 1267 763 1336 dicitur
789 1269 956 1356 scripsisse
979 1268 1097 1355 multe3
1129 1269 1173 1334 ad

150 1375 257 1420 meam
285 1357 397 1420 tamen
424 1355 578 1424 notitiem
604 1357 670 1424 ista
699 1362 787 1444 sunt,
814 1379 897 1446 quae
919 1359 1090 1424 venerunt:
1119 1356 1171 1422 ‘de

150 1441 375 1511 incarnatione
398 1441 547 1514 Domini'
572 1447 726 1515 adversus
749 1447 921 1534 Eutychen
943 1447 1173 1532 presbyterum

65 1569 71 1578 ·
151 1535 185 1598 et
206 1529 418 1618 Dioscurum‚
440 1533 659 1604 Alexandriae
689 1539 888 1624 episcopum,
916 1537 971 1620 qui
992 1535 1172 1601 humanam

98 1635 131 1684 15
150 1621 187 1686 in
211 1619 344 1688 Christo
373 1645 504 1692 carnem
533 1627 634 1692 fuisse
660 1627 798 1710 negant,
821 1623 942 1696 scripta
964 1623 1081 1706 fortia,
1111 1644 1173 1706 per

152 1731 236 1796 quae
260 1711 431 1776 confimat
454 1716 488 1774 et
509 1714 636 1776 mtione
659 1715 693 1772 et
715 1700 908 1798 testimoniis
931 1703 1173 1786 scripturarum

151 1797 199 1860 ita
212 1797 304 1860 illum
324 1799 491 1860 maternae
506 1817 614 1868 veram
633 1789 832 1856 substantiae
852 1808 981 1854 carnem
999 1789 1170 1879 habuisse,

151 1903 247 1967 quam
271 1903 310 1945 ex
332 1885 436 1945 matre
459 1879 595 1966 Virgine
623 1875 785 1957 sumpsit·
803 1875 888 1942 sicut
910 1882 944 1944 et
965 1899 1076 1945 veram
1098 1879 1168 1948 dei-

150 1972 266 2054 tatem,
289 1989 387 2053 quam
411 1970 543 2032 aeterna
564 1961 785 2030 nascibilitate
798 1962 870 2032 Deo
893 1965 992 2033 Patre
1011 1968 1170 2055 gignente

93 2071 129 2125 20
151 2059 222 2144 ipse
244 2056 407 2124 nascendo
430 2057 563 2141 accepit.
608 2051 692 2120 Sunt
714 2059 748 2121 et
771 2054 881 2122 decem
905 2057 974 2122 eius
998 2055 1169 2126 ‘historiae

153 2143 401 2214 ecclesiasticae’
429 2145 521 2226 libri,
554 2163 633 2228 quos
666 2143 815 2213 imitatus
841 2143 1023 2211 Eusebium
1051 2145 1168 2213 Gaesa-

150 2235 290 2300 riensem
319 2233 511 2318 conscripsit
536 2231 695 2318 incipiens
720 2257 740 2299 a
762 2235 826 2301 fine
849 2233 1008 2301 librorum
1030 2233 1167 2302 Eusebii

149 2345 254 2409 usque
283 2323 324 2390 ad
352 2345 446 2389 suum
469 2326 612 2408 tempus,
642 2321 761 2408 idest,
789 2346 810 2390 a
836 2324 1060 2390 vicennalibus
1083 2321 1168 2390 Ocn-

152 2413 288 2478 stantini
310 2433 412 2498 usque
436 2411 477 2478 ad
504 2411 675 2496 imperium
699 2411 819 2478 Leonis
842 2413 993 2497 senioris,
1017 2411 1077 2478 sub
1102 2435 1166 2499 quo

93 2512 129 2564 so
151 2503 183 2567 et
206 2505 355 2567 mortuus
379 2505 439 2568 est

566 2593 649 2686 Oop.
672 2593 748 2666 XO.

242 2733 446 2818 Gennadius,
460 2731 845 2817 Constantinopolitanae
868 2731 1021 2798 ecclesiae
1044 2732 1166 2818 episco-

149 2845 228 2908 pus,
250 2823 302 2889 vir
323 2823 436 2908 lingua
458 2822 583 2888 nitidus
607 2825 641 2888 et
658 2821 791 2909 ingenio
811 2841 899 2907 acer,
922 2824 991 2886 tam
1014 2819 1103 2886 dives
1126 2844 1163 2887 ex

150 2911 292 2978 lectione
322 2912 529 2997 antiquorum
553 2912 631 2998 luit,
658 2915 696 2976 ut
718 2910 889 2976 Danielem
911 2908 1104 2994 prophetam
1127 2932 1163 2976 ex

95 3011 131 3063 ao
150 2998 279 3086 integro
303 2999 344 3066 ad
367 3002 502 3067 verbum
525 3004 763 3069 commentatus
787 3001 970 3084 exponeret.
1005 2997 1163 3065 Homilias

151 3087 251 3153 etiam
278 3089 400 3155 multas
429 3091 622 3175 composuit
667 3089 807 3155 Moritur
829 3086 936 3152 Leone
960 3085 1084 3152 seniore
1106 3086 1161 3152 im·

148 3177 276 3256 perium
298 3179 442 3242 tenente.

145 3293 263 3412 gulosus
305 3293 431 3376 literae
442 3296 557 3380 prima·
581 3293 706 3374 9Bamb.
717 3293 850 3348 etBern.:
863 3293 1027 3376 'Plreodorus
1046 3363 1053 3376 .
1071 3293 1159 3378 Bam:

167 3377 268 3430 ypnae
287 3366 413 3420 mutatis
430 3380 593 3435 provinciae
612 3363 708 3431 Syriae
786 3369 820 3416 28
840 3363 980 3419 Nonmb.=
999 3365 1160 3420 vicmahbus
